@ARTICLE{2006ApJ...641..938L,
       author = {{Luna}, A. and {Bronfman}, L. and {Carrasco}, L. and {May}, J.},
        title = "{Molecular Gas, Kinematics, and OB Star Formation in the Spiral Arms of the Southern Milky Way}",
      journal = {\apj},
     keywords = {Galaxy: Kinematics and Dynamics, Galaxy: Structure, ISM: Molecules, Stars: Formation, Astrophysics},
         year = 2006,
        month = apr,
       volume = {641},
       number = {2},
        pages = {938-948},
          doi = {10.1086/500163},
archivePrefix = {arXiv},
       eprint = {astro-ph/0512046},
 primaryClass = {astro-ph},
       adsurl = {https://ui.adsabs.harvard.edu/abs/2006ApJ...641..938L},
      adsnote = {Provided by the SAO/NASA Astrophysics Data System}
}
@ARTICLE{1996ApJ...462..563N,
       author = {{Navarro}, Julio F. and {Frenk}, Carlos S. and {White}, Simon D.~M.},
        title = "{The Structure of Cold Dark Matter Halos}",
      journal = {\apj},
     keywords = {COSMOLOGY: THEORY, COSMOLOGY: DARK MATTER, GALAXIES: HALOS, METHODS: NUMERICAL, Astrophysics},
         year = 1996,
        month = may,
       volume = {462},
        pages = {563},
          doi = {10.1086/177173},
archivePrefix = {arXiv},
       eprint = {astro-ph/9508025},
 primaryClass = {astro-ph},
       adsurl = {https://ui.adsabs.harvard.edu/abs/1996ApJ...462..563N},
      adsnote = {Provided by the SAO/NASA Astrophysics Data System}
}
@article{McGaugh_2019,
doi = {10.3847/1538-4357/ab479b},
url = {https://dx.doi.org/10.3847/1538-4357/ab479b},
year = {2019},
month = {nov},
publisher = {The American Astronomical Society},
volume = {885},
number = {1},
pages = {87},
author = {Stacy S. McGaugh},
title = {The Imprint of Spiral Arms on the Galactic Rotation Curve},
journal = {The Astrophysical Journal},
abstract = {We discuss a model for the Milky Way obtained by fitting the observed terminal velocities with the radial acceleration relation. The resulting stellar surface density profile departs from a smooth exponential disk, having bumps and wiggles that correspond to massive spiral arms. These features are used to estimate the term for the logarithmic density gradient in the Jeans equation, which turn out to have exactly the right location and amplitude to reconcile the apparent discrepancy between the stellar rotation curve and that of the interstellar gas. This model also predicts a gradually declining rotation curve outside the solar circle with slope , as subsequently observed.}
}
@article{10.1093/pasj/61.2.153,
    author = {Sofue, Yoshiaki},
    title = "{Pseudo Rotation Curve Connecting the Galaxy, Dark Halo, and Local Group}",
    journal = {Publications of the Astronomical Society of Japan},
    volume = {61},
    number = {2},
    pages = {153-161},
    year = {2009},
    month = {04},
    abstract = "{We construct a Galacto-Local Group rotation curve, combining the Galactic rotation curve with a diagram, where the galacto-centric radial velocities of the outer globular clusters and the member galaxies of the Local Group are plotted against their galacto-centric distances. The high-velocity ends of this pseudo rotation curve within a radius of \\$R\\$\\$\\sim\\$ 150 kpc are well traced by a rotation curve calculated for the NFW (Navaro, Frenk, White) and Burkert dark halo models. The NFW model indicates that the Galaxy’s mass within 385 kpc, half the distance to M 31, is \\$\\sim\\$4\\$\\times\\$10\\$^\\{11\\}M\_\\odot\\$. High-velocity ends of the pseudo rotation curve for the entire Local Group up to 1.5 Mpc indicate an isothermal nature with a terminal velocity of \\$\\sim\\$200 kms\\$^\\{-1\\}\\$. In order for the Local Group to be gravitationally bound, an order-of-magnitude larger mass than those of the Galaxy and M 31 is required. This fact suggests that the Local Group contains dark matter of mass \\$\\sim\\$5\\$\\times\\$10\\$^\\{12\\}M\_\\odot\\$, filling the space between the Galaxy and M 31. The mass density of the Galactic dark halo becomes equal to that of the Local Group’s dark matter at \\$R\\$\\$\\sim\\$ 100 kpc, beyond which the intracluster dark matter dominates. If we define the Galaxy’s radius at this distance, the enclosed Galactic mass is \\$\\sim\\$3\\$\\times\\$10\\$^\\{11\\}M\_\\odot\\$.}",
    issn = {0004-6264},
    doi = {10.1093/pasj/61.2.153},
    url = {https://doi.org/10.1093/pasj/61.2.153},
    eprint = {https://academic.oup.com/pasj/article-pdf/61/2/153/17266753/pasj61-0153.pdf},
}
@article{sofue2009unified,
  title={Unified Rotation Curve of the Galaxy—Decomposition into de Vaucouleurs Bulge, Disk, Dark Halo, and the 9-kpc Rotation Dip—},
  author={Sofue, Yoshiaki and Honma, Mareki and Omodaka, Toshihiro},
  journal={Publications of the Astronomical Society of Japan},
  volume={61},
  number={2},
  pages={227--236},
  year={2009},
  publisher={Oxford University Press}
}
@ARTICLE{2010ApJ...716....1B,
       author = {{Bond}, Nicholas A. and {Ivezi{\'c}}, {\v{Z}}eljko and {Sesar}, Branimir and {Juri{\'c}}, Mario and {Munn}, Jeffrey A. and {Kowalski}, Adam and {Loebman}, Sarah and {Ro{\v{s}}kar}, Rok and {Beers}, Timothy C. and {Dalcanton}, Julianne and {Rockosi}, Constance M. and {Yanny}, Brian and {Newberg}, Heidi J. and {Allende Prieto}, Carlos and {Wilhelm}, Ron and {Lee}, Young Sun and {Sivarani}, Thirupathi and {Majewski}, Steven R. and {Norris}, John E. and {Bailer-Jones}, Coryn A.~L. and {Re Fiorentin}, Paola and {Schlegel}, David and {Uomoto}, Alan and {Lupton}, Robert H. and {Knapp}, Gillian R. and {Gunn}, James E. and {Covey}, Kevin R. and {Allyn Smith}, J. and {Miknaitis}, Gajus and {Doi}, Mamoru and {Tanaka}, Masayuki and {Fukugita}, Masataka and {Kent}, Steve and {Finkbeiner}, Douglas and {Quinn}, Tom R. and {Hawley}, Suzanne and {Anderson}, Scott and {Kiuchi}, Furea and {Chen}, Alex and {Bushong}, James and {Sohi}, Harkirat and {Haggard}, Daryl and {Kimball}, Amy and {McGurk}, Rosalie and {Barentine}, John and {Brewington}, Howard and {Harvanek}, Mike and {Kleinman}, Scott and {Krzesinski}, Jurek and {Long}, Dan and {Nitta}, Atsuko and {Snedden}, Stephanie and {Lee}, Brian and {Pier}, Jeffrey R. and {Harris}, Hugh and {Brinkmann}, Jonathan and {Schneider}, Donald P.},
        title = "{The Milky Way Tomography with SDSS. III. Stellar Kinematics}",
      journal = {\apj},
     keywords = {Galaxy: disk, Galaxy: halo, Galaxy: kinematics and dynamics, Galaxy: stellar content, Galaxy: structure, methods: data analysis, stars: statistics, Astrophysics - Astrophysics of Galaxies},
         year = 2010,
        month = jun,
       volume = {716},
       number = {1},
        pages = {1-29},
          doi = {10.1088/0004-637X/716/1/1},
archivePrefix = {arXiv},
       eprint = {0909.0013},
 primaryClass = {astro-ph.GA},
       adsurl = {https://ui.adsabs.harvard.edu/abs/2010ApJ...716....1B},
      adsnote = {Provided by the SAO/NASA Astrophysics Data System}
}
@ARTICLE{1983MNRAS.203..735C,
       author = {{Casertano}, S.},
        title = "{Rotation curve of the edge-on spiral galaxy NGC 5907 : disc and halo masses.}",
      journal = {\mnras},
     keywords = {Disk Galaxies, Galactic Rotation, Galactic Structure, Halos, Mass Distribution, Spiral Galaxies, Angular Velocity, Astronomical Photometry, Luminosity, Mass To Light Ratios, Astrophysics},
         year = 1983,
        month = may,
       volume = {203},
        pages = {735-747},
          doi = {10.1093/mnras/203.3.735},
       adsurl = {https://ui.adsabs.harvard.edu/abs/1983MNRAS.203..735C},
      adsnote = {Provided by the SAO/NASA Astrophysics Data System}
}
@article{BertschingerClassTetrads,
doi = { },
url = {http://web.mit.edu/edbert/GR.html},
year = { },
month = { },
publisher = {MIT},
volume = {},
number = {},
pages = {},
author = {Ed Bertschinger},
title = {Tetrad Formulation of General Relativity},
journal = {Ed Bertschinger Class NOTES},
abstract = { }
}
@article{Naidu_2022,
doi = {10.3847/2041-8213/ac9b22},
url = {https://dx.doi.org/10.3847/2041-8213/ac9b22},
year = {2022},
month = {nov},
publisher = {The American Astronomical Society},
volume = {940},
number = {1},
pages = {L14},
author = {Rohan P. Naidu and Pascal A. Oesch and Pieter van Dokkum and Erica J. Nelson and Katherine A. Suess and Gabriel Brammer and Katherine E. Whitaker and Garth Illingworth and Rychard Bouwens and Sandro Tacchella and Jorryt Matthee and Natalie Allen and Rachel Bezanson and Charlie Conroy and Ivo Labbe and Joel Leja and Ecaterina Leonova and Dan Magee and Sedona H. Price and David J. Setton and Victoria Strait and Mauro Stefanon and Sune Toft and John R. Weaver and Andrea Weibel},
title = {Two Remarkably Luminous Galaxy Candidates at z ≈ 10–12 Revealed by JWST},
journal = {The Astrophysical Journal Letters},
abstract = {The first few 100 Myr at z &gt; 10 mark the last major uncharted epoch in the history of the universe, where only a single galaxy (GN-z11 at z ≈ 11) is currently spectroscopically confirmed. Here we present a search for luminous z &gt; 10 galaxies with JWST/NIRCam photometry spanning ≈1–5 μm and covering 49 arcmin2 from the public JWST Early Release Science programs (CEERS and GLASS). Our most secure candidates are two M UV ≈ −21 systems: GLASS-z12 and GLASS-z10. These galaxies display abrupt ≳1.8 mag breaks in their spectral energy distributions (SEDs), consistent with complete absorption of flux bluewards of Lyα that is redshifted to  and . Lower redshift interlopers such as quiescent galaxies with strong Balmer breaks would be comfortably detected at &gt;5σ in multiple bands where instead we find no flux. From SED modeling we infer that these galaxies have already built up ∼109 solar masses in stars over the ≲300–400 Myr after the Big Bang. The brightness of these sources enable morphological constraints. Tantalizingly, GLASS-z10 shows a clearly extended exponential light profile, potentially consistent with a disk galaxy of r 50 ≈ 0.7 kpc. These sources, if confirmed, join GN-z11 in defying number density forecasts for luminous galaxies based on Schechter UV luminosity functions, which require a survey area &gt;10×  larger than we have studied here to find such luminous sources at such high redshifts. They extend evidence from lower redshifts for little or no evolution in the bright end of the UV luminosity function into the cosmic dawn epoch, with implications for just how early these galaxies began forming. This, in turn, suggests that future deep JWST observations may identify relatively bright galaxies to much earlier epochs than might have been anticipated.}
}
@article{Tully:2014gfa,
    author = "Tully, R. Brent and Courtois, Helene and Hoffman, Yehuda and Pomar\`ede, Daniel",
    title = "{The Laniakea supercluster of galaxies}",
    eprint = "1409.0880",
    archivePrefix = "arXiv",
    primaryClass = "astro-ph.CO",
    reportNumber = "NATURE, VOL-513, NUMBER-7516, P71-(4-SEPTEMBER-2014)",
    doi = "10.1038/nature13674",
    journal = "Nature",
    volume = "513",
    number = "7516",
    pages = "71",
    year = "2014"
}
@article{10.1093/mnras/stt2403,
    author = {Maschberger, Th. and Bonnell, I. A. and Clarke, C. J. and Moraux, E.},
    title = "{The relation between accretion rates and the initial mass function in hydrodynamical simulations of star formation}",
    journal = {Monthly Notices of the Royal Astronomical Society},
    volume = {439},
    number = {1},
    pages = {234-246},
    year = {2014},
    month = {01},
    abstract = "{We analyse a hydrodynamical simulation of star formation. Sink particles in the simulations which represent stars show episodic growth, which is presumably accretion from a core that can be regularly replenished in response to the fluctuating conditions in the local environment. The accretion rates follow \\$\\dot\\{m\\} \\propto m^\\{2/3\\}\\$, as expected from accretion in a gas-dominated potential, but with substantial variations overlaid on this. The growth times follow an exponential distribution which is tapered at long times due to the finite length of the simulation. The initial collapse masses have an approximately lognormal distribution with already an onset of a power law at large masses. The sink particle mass function can be reproduced with a non-linear stochastic process, with fluctuating accretion rates ∝m2/3, a distribution of seed masses and a distribution of growth times. All three factors contribute equally to the form of the final sink mass function. We find that the upper power-law tail of the initial mass function is unrelated to Bondi–Hoyle accretion.}",
    issn = {0035-8711},
    doi = {10.1093/mnras/stt2403},
    url = {https://doi.org/10.1093/mnras/stt2403},
    eprint = {https://academic.oup.com/mnras/article-pdf/439/1/234/5571048/stt2403.pdf},
}
@article{MCGAUGH2021220,
title = {Testing galaxy formation and dark matter with low surface brightness galaxies},
journal = {Studies in History and Philosophy of Science},
volume = {88},
pages = {220-236},
year = {2021},
issn = {0039-3681},
doi = {https://doi.org/10.1016/j.shpsa.2021.05.008},
url = {https://www.sciencedirect.com/science/article/pii/S0039368121000728},
author = {Stacy S. McGaugh},
keywords = {Astrophysics, Cosmology, Galaxy formation, Dark matter, Modified gravity, History and philosophy of physics},
abstract = {Galaxies are the basic structural element of the universe; galaxy formation theory seeks to explain how these structures came to be. I trace some of the foundational ideas in galaxy formation, with emphasis on the need for non-baryonic cold dark matter. Many elements of early theory did not survive contact with observations of low surface brightness galaxies, leading to the need for auxiliary hypotheses like feedback. The failure points often trace to the surprising predictive successes of an alternative to dark matter, the Modified Newtonian Dynamics (MOND). While dark matter models are flexible in accommodating observations, they do not provide the predictive capacity of MOND. If the universe is made of cold dark matter, why does MOND get any predictions right?}
}
@inproceedings{Cebrian:2022brv,
    author = "Cebri\'an, Susana",
    title = "{Review on dark matter searches}",
    booktitle = "{10th Symposium on Large TPCs for Low-Energy Rare Event Detection}",
    eprint = "2205.06833",
    archivePrefix = "arXiv",
    primaryClass = "physics.ins-det",
    month = "5",
    year = "2022"
}
@ARTICLE{2011A&A...531A..36H,
       author = {{Hur{\'e}}, J. -M. and {Hersant}, F.},
        title = "{The Newtonian potential of thin disks}",
      journal = {\aap},
     keywords = {accretion, accretion disks, gravitation, methods: analytical, methods: numerical, Astrophysics - Instrumentation and Methods for Astrophysics},
         year = 2011,
        month = jul,
       volume = {531},
          eid = {A36},
        pages = {A36},
          doi = {10.1051/0004-6361/201015854},
archivePrefix = {arXiv},
       eprint = {1104.5079},
 primaryClass = {astro-ph.IM},
       adsurl = {https://ui.adsabs.harvard.edu/abs/2011A&A...531A..36H},
      adsnote = {Provided by the SAO/NASA Astrophysics Data System}
}
@article{doi:10.1142/S0217751X0703666X,
author = {COOPERSTOCK, F. I. and TIEU, S.},
title = {GALACTIC DYNAMICS VIA GENERAL RELATIVITY: A COMPILATION AND NEW DEVELOPMENTS},
journal = {International Journal of Modern Physics A},
volume = {22},
number = {13},
pages = {2293-2325},
year = {2007},
doi = {10.1142/S0217751X0703666X},
URL = {  https://doi.org/10.1142/S0217751X0703666X},
eprint = {   https://doi.org/10.1142/S0217751X0703666X}
}
@article{10.1093/mnras/sty3223,
    author = {Schombert, James and McGaugh, Stacy and Lelli, Federico},
    title = "{The mass-to-light ratios and the star formation histories of disc galaxies}",
    journal = {Monthly Notices of the Royal Astronomical Society},
    volume = {483},
    number = {2},
    pages = {1496-1512},
    year = {2018},
    month = {12},
    abstract = "{We combine new data from the main sequence (M* versus SFR) of star-forming galaxies and galaxy colours (from GALEX to Spitzer) with a flexible stellar population scheme to deduce the mass-to-light ratio (Υ*) of star-forming galaxies from the SPARC and S4G samples. We find that the main sequence for galaxies, particularly the low-mass end, combined with the locus of galaxy colours, constrains the possible star formation histories of disc and dwarf galaxies to a similar shape found by Speagle et al. Combining the deduced star formation history with stellar population models in the literature produces reliable Υ* values as a function of galaxy colour with an uncertainty of only 0.05 dex. We provide prescriptions to deduce Υ* for optical and near-IR bandpasses, with near-IR bandpasses having the least uncertainty (Υ* from 0.40 to 0.55). We also provide the community with a webtool, with flexible stellar population parameters, to generate their own Υ* values over the wavelength range for most galaxy surveys.}",
    issn = {0035-8711},
    doi = {10.1093/mnras/sty3223},
    url = {https://doi.org/10.1093/mnras/sty3223},
    eprint = {https://academic.oup.com/mnras/article-pdf/483/2/1496/27089556/sty3223.pdf},
}
@article{Hoffman:2017ako,
    author = "Hoffman, Yehuda and Pomarede, Daniel and Brent Tully, R. and Courtois, Helene",
    title = "{The Dipole Repeller}",
    eprint = "1702.02483",
    archivePrefix = "arXiv",
    primaryClass = "astro-ph.CO",
    doi = "10.1038/s41550-016-0036",
    month = "2",
    year = "2017"
}
@article{Pomarede:2020pme,
    author = "Pomar\`ede, Daniel and Tully, R. Brent and Graziani, Romain and Courtois, H\'el\`ene M. and Hoffman, Yehuda and Lezmy, J\'er\'emy",
    title = "{Cosmicflows-3: The South Pole Wall}",
    eprint = "2007.04414",
    archivePrefix = "arXiv",
    primaryClass = "astro-ph.CO",
    doi = "10.3847/1538-4357/ab9952",
    journal = "Astrophys. J.",
    volume = "897",
    number = "2",
    pages = "133",
    year = "2020"
}
@ARTICLE{1977A&A....54..661T,
       author = {{Tully}, R.~B. and {Fisher}, J.~R.},
        title = "{A new method of determining distances to galaxies.}",
      journal = {\aap},
     keywords = {Distance Measuring Equipment, H Lines, Luminous Intensity, Spectral Line Width, Spiral Galaxies, Telescopes, Astronomical Photometry, Calibrating, Galactic Clusters, Galactic Structure, Hubble Diagram, Synoptic Measurement, Astronomy},
         year = 1977,
        month = feb,
       volume = {54},
        pages = {661-673},
       adsurl = {https://ui.adsabs.harvard.edu/abs/1977A&A....54..661T},
      adsnote = {Provided by the SAO/NASA Astrophysics Data System}
}
@ARTICLE{1991ARA&A..29..409F,
       author = {{Fich}, Michel and {Tremaine}, Scott},
        title = "{The mass of the Galaxy.}",
      journal = {\araa},
     keywords = {Galactic Mass, Galactic Structure, Mass Distribution, Milky Way Galaxy, Astronomical Models, Computational Astrophysics, Dark Matter, Galactic Rotation, Local Group (Astronomy), Stellar Mass, Astrophysics, Galaxy: Mass, Galaxy: Dynamics, Galaxy: Dark Matter, Galaxy: Structure},
         year = 1991,
        month = jan,
       volume = {29},
        pages = {409-445},
          doi = {10.1146/annurev.aa.29.090191.002205},
       adsurl = {https://ui.adsabs.harvard.edu/abs/1991ARA&A..29..409F},
      adsnote = {Provided by the SAO/NASA Astrophysics Data System}
}
@ARTICLE{2022ApJS..259...35A,
       author = {{Abdurro'uf} and {Accetta}, Katherine and {Aerts}, Conny and {Silva Aguirre}, V{\'\i}ctor and {Ahumada}, Romina and {Ajgaonkar}, Nikhil and {Filiz Ak}, N. and {Alam}, Shadab and {Allende Prieto}, Carlos and {Almeida}, Andr{\'e}s and {Anders}, Friedrich and {Anderson}, Scott F. and {Andrews}, Brett H. and {Anguiano}, Borja and {Aquino-Ort{\'\i}z}, Erik and {Arag{\'o}n-Salamanca}, Alfonso and {Argudo-Fern{\'a}ndez}, Maria and {Ata}, Metin and {Aubert}, Marie and {Avila-Reese}, Vladimir and {Badenes}, Carles and {Barb{\'a}}, Rodolfo H. and {Barger}, Kat and {Barrera-Ballesteros}, Jorge K. and {Beaton}, Rachael L. and {Beers}, Timothy C. and {Belfiore}, Francesco and {Bender}, Chad F. and {Bernardi}, Mariangela and {Bershady}, Matthew A. and {Beutler}, Florian and {Bidin}, Christian Moni and {Bird}, Jonathan C. and {Bizyaev}, Dmitry and {Blanc}, Guillermo A. and {Blanton}, Michael R. and {Boardman}, Nicholas Fraser and {Bolton}, Adam S. and {Boquien}, M{\'e}d{\'e}ric and {Borissova}, Jura and {Bovy}, Jo and {Brandt}, W.~N. and {Brown}, Jordan and {Brownstein}, Joel R. and {Brusa}, Marcella and {Buchner}, Johannes and {Bundy}, Kevin and {Burchett}, Joseph N. and {Bureau}, Martin and {Burgasser}, Adam and {Cabang}, Tuesday K. and {Campbell}, Stephanie and {Cappellari}, Michele and {Carlberg}, Joleen K. and {Wanderley}, F{\'a}bio Carneiro and {Carrera}, Ricardo and {Cash}, Jennifer and {Chen}, Yan-Ping and {Chen}, Wei-Huai and {Cherinka}, Brian and {Chiappini}, Cristina and {Choi}, Peter Doohyun and {Chojnowski}, S. Drew and {Chung}, Haeun and {Clerc}, Nicolas and {Cohen}, Roger E. and {Comerford}, Julia M. and {Comparat}, Johan and {da Costa}, Luiz and {Covey}, Kevin and {Crane}, Jeffrey D. and {Cruz-Gonzalez}, Irene and {Culhane}, Connor and {Cunha}, Katia and {Dai}, Y. Sophia and {Damke}, Guillermo and {Darling}, Jeremy and {Davidson}, James W., Jr. and {Davies}, Roger and {Dawson}, Kyle and {De Lee}, Nathan and {Diamond-Stanic}, Aleksandar M. and {Cano-D{\'\i}az}, Mariana and {S{\'a}nchez}, Helena Dom{\'\i}nguez and {Donor}, John and {Duckworth}, Chris and {Dwelly}, Tom and {Eisenstein}, Daniel J. and {Elsworth}, Yvonne P. and {Emsellem}, Eric and {Eracleous}, Mike and {Escoffier}, Stephanie and {Fan}, Xiaohui and {Farr}, Emily and {Feng}, Shuai and {Fern{\'a}ndez-Trincado}, Jos{\'e} G. and {Feuillet}, Diane and {Filipp}, Andreas and {Fillingham}, Sean P. and {Frinchaboy}, Peter M. and {Fromenteau}, Sebastien and {Galbany}, Llu{\'\i}s and {Garc{\'\i}a}, Rafael A. and {Garc{\'\i}a-Hern{\'a}ndez}, D.~A. and {Ge}, Junqiang and {Geisler}, Doug and {Gelfand}, Joseph and {G{\'e}ron}, Tobias and {Gibson}, Benjamin J. and {Goddy}, Julian and {Godoy-Rivera}, Diego and {Grabowski}, Kathleen and {Green}, Paul J. and {Greener}, Michael and {Grier}, Catherine J. and {Griffith}, Emily and {Guo}, Hong and {Guy}, Julien and {Hadjara}, Massinissa and {Harding}, Paul and {Hasselquist}, Sten and {Hayes}, Christian R. and {Hearty}, Fred and {Hern{\'a}ndez}, Jes{\'u}s and {Hill}, Lewis and {Hogg}, David W. and {Holtzman}, Jon A. and {Horta}, Danny and {Hsieh}, Bau-Ching and {Hsu}, Chin-Hao and {Hsu}, Yun-Hsin and {Huber}, Daniel and {Huertas-Company}, Marc and {Hutchinson}, Brian and {Hwang}, Ho Seong and {Ibarra-Medel}, H{\'e}ctor J. and {Chitham}, Jacob Ider and {Ilha}, Gabriele S. and {Imig}, Julie and {Jaekle}, Will and {Jayasinghe}, Tharindu and {Ji}, Xihan and {Johnson}, Jennifer A. and {Jones}, Amy and {J{\"o}nsson}, Henrik and {Katkov}, Ivan and {Khalatyan}, Arman, Dr. and {Kinemuchi}, Karen and {Kisku}, Shobhit and {Knapen}, Johan H. and {Kneib}, Jean-Paul and {Kollmeier}, Juna A. and {Kong}, Miranda and {Kounkel}, Marina and {Kreckel}, Kathryn and {Krishnarao}, Dhanesh and {Lacerna}, Ivan and {Lane}, Richard R. and {Langgin}, Rachel and {Lavender}, Ramon and {Law}, David R. and {Lazarz}, Daniel and {Leung}, Henry W. and {Leung}, Ho-Hin and {Lewis}, Hannah M. and {Li}, Cheng and {Li}, Ran and {Lian}, Jianhui and {Liang}, Fu-Heng and {Lin}, Lihwai and {Lin}, Yen-Ting and {Lin}, Sicheng and {Lintott}, Chris and {Long}, Dan and {Longa-Pe{\~n}a}, Pen{\'e}lope and {L{\'o}pez-Cob{\'a}}, Carlos and {Lu}, Shengdong and {Lundgren}, Britt F. and {Luo}, Yuanze and {Mackereth}, J. Ted and {de la Macorra}, Axel and {Mahadevan}, Suvrath and {Majewski}, Steven R. and {Manchado}, Arturo and {Mandeville}, Travis and {Maraston}, Claudia and {Margalef-Bentabol}, Berta and {Masseron}, Thomas and {Masters}, Karen L. and {Mathur}, Savita and {McDermid}, Richard M. and {Mckay}, Myles and {Merloni}, Andrea and {Merrifield}, Michael and {Meszaros}, Szabolcs and {Miglio}, Andrea and {Di Mille}, Francesco and {Minniti}, Dante and {Minsley}, Rebecca and {Monachesi}, Antonela and {Moon}, Jeongin and {Mosser}, Benoit and {Mulchaey}, John and {Muna}, Demitri and {Mu{\~n}oz}, Ricardo R. and {Myers}, Adam D. and {Myers}, Natalie and {Nadathur}, Seshadri and {Nair}, Preethi and {Nandra}, Kirpal and {Neumann}, Justus and {Newman}, Jeffrey A. and {Nidever}, David L. and {Nikakhtar}, Farnik and {Nitschelm}, Christian and {O'Connell}, Julia E. and {Garma-Oehmichen}, Luis and {Luan Souza de Oliveira}, Gabriel and {Olney}, Richard and {Oravetz}, Daniel and {Ortigoza-Urdaneta}, Mario and {Osorio}, Yeisson and {Otter}, Justin and {Pace}, Zachary J. and {Padilla}, Nelson and {Pan}, Kaike and {Pan}, Hsi-An and {Parikh}, Taniya and {Parker}, James and {Peirani}, Sebastien and {Pe{\~n}a Ram{\'\i}rez}, Karla and {Penny}, Samantha and {Percival}, Will J. and {Perez-Fournon}, Ismael and {Pinsonneault}, Marc and {Poidevin}, Fr{\'e}d{\'e}rick and {Poovelil}, Vijith Jacob and {Price-Whelan}, Adrian M. and {B{\'a}rbara de Andrade Queiroz}, Anna and {Raddick}, M. Jordan and {Ray}, Amy and {Rembold}, Sandro Barboza and {Riddle}, Nicole and {Riffel}, Rogemar A. and {Riffel}, Rog{\'e}rio and {Rix}, Hans-Walter and {Robin}, Annie C. and {Rodr{\'\i}guez-Puebla}, Aldo and {Roman-Lopes}, Alexandre and {Rom{\'a}n-Z{\'u}{\~n}iga}, Carlos and {Rose}, Benjamin and {Ross}, Ashley J. and {Rossi}, Graziano and {Rubin}, Kate H.~R. and {Salvato}, Mara and {S{\'a}nchez}, Seb{\'a}stian F. and {S{\'a}nchez-Gallego}, Jos{\'e} R. and {Sanderson}, Robyn and {Santana Rojas}, Felipe Antonio and {Sarceno}, Edgar and {Sarmiento}, Regina and {Sayres}, Conor and {Sazonova}, Elizaveta and {Schaefer}, Adam L. and {Schiavon}, Ricardo and {Schlegel}, David J. and {Schneider}, Donald P. and {Schultheis}, Mathias and {Schwope}, Axel and {Serenelli}, Aldo and {Serna}, Javier and {Shao}, Zhengyi and {Shapiro}, Griffin and {Sharma}, Anubhav and {Shen}, Yue and {Shetrone}, Matthew and {Shu}, Yiping and {Simon}, Joshua D. and {Skrutskie}, M.~F. and {Smethurst}, Rebecca and {Smith}, Verne and {Sobeck}, Jennifer and {Spoo}, Taylor and {Sprague}, Dani and {Stark}, David V. and {Stassun}, Keivan G. and {Steinmetz}, Matthias and {Stello}, Dennis and {Stone-Martinez}, Alexander and {Storchi-Bergmann}, Thaisa and {Stringfellow}, Guy S. and {Stutz}, Amelia and {Su}, Yung-Chau and {Taghizadeh-Popp}, Manuchehr and {Talbot}, Michael S. and {Tayar}, Jamie and {Telles}, Eduardo and {Teske}, Johanna and {Thakar}, Ani and {Theissen}, Christopher and {Tkachenko}, Andrew and {Thomas}, Daniel and {Tojeiro}, Rita and {Hernandez Toledo}, Hector and {Troup}, Nicholas W. and {Trump}, Jonathan R. and {Trussler}, James and {Turner}, Jacqueline and {Tuttle}, Sarah and {Unda-Sanzana}, Eduardo and {V{\'a}zquez-Mata}, Jos{\'e} Antonio and {Valentini}, Marica and {Valenzuela}, Octavio and {Vargas-Gonz{\'a}lez}, Jaime and {Vargas-Maga{\~n}a}, Mariana and {Alfaro}, Pablo Vera and {Villanova}, Sandro and {Vincenzo}, Fiorenzo and {Wake}, David and {Warfield}, Jack T. and {Washington}, Jessica Diane and {Weaver}, Benjamin Alan and {Weijmans}, Anne-Marie and {Weinberg}, David H. and {Weiss}, Achim and {Westfall}, Kyle B. and {Wild}, Vivienne and {Wilde}, Matthew C. and {Wilson}, John C. and {Wilson}, Robert F. and {Wilson}, Mikayla and {Wolf}, Julien and {Wood-Vasey}, W.~M. and {Yan}, Renbin and {Zamora}, Olga and {Zasowski}, Gail and {Zhang}, Kai and {Zhao}, Cheng and {Zheng}, Zheng and {Zheng}, Zheng and {Zhu}, Kai},
        title = "{The Seventeenth Data Release of the Sloan Digital Sky Surveys: Complete Release of MaNGA, MaStar, and APOGEE-2 Data}10.1093/mnras/stt814",
      journal = {\apjs},
     keywords = {Astronomy data acquisition, Astronomy databases, Surveys, 1860, 83, 1671, Astrophysics - Astrophysics of Galaxies, Astrophysics - Instrumentation and Methods for Astrophysics},
         year = 2022,
        month = apr,
       volume = {259},
       number = {2},
          eid = {35},
        pages = {35},
          doi = {10.3847/1538-4365/ac4414},
archivePrefix = {arXiv},
       eprint = {2112.02026},
 primaryClass = {astro-ph.GA},
       adsurl = {https://ui.adsabs.harvard.edu/abs/2022ApJS..259...35A},
      adsnote = {Provided by the SAO/NASA Astrophysics Data System}
}
@article{10.1093/mnras/stt814,
    author = {McMillan, Paul J. and Binney, James J.},
    title = "{Analysing surveys of our Galaxy ‚Äì II. Determining the potential}",
    journal = {Monthly Notices of the Royal Astronomical Society},
    volume = {433},
    number = {2},
    pages = {1411-1424},
    year = {2013},
    month = {06},
    abstract = "{We consider the problem of determining the Galaxy's gravitational potential from a star catalogue. We show that orbit-based approaches to this problem suffer from unacceptable numerical noise deriving from the use of only a finite number of orbits. An alternative approach, which requires an ability to determine the model's phase-space density at predetermined positions and velocities, has a level of numerical noise that lies well below the intrinsic uncertainty associated with the finite size of the catalogue analysed. A catalogue of 10‚Äâ000 stars brighter than V¬†= 17 and distributed over the sky at b¬†\\&gt; 30¬∞ enables us to determine the scaleheight of the disc that contributes to the potential with an uncertainty below 20‚Äâpc if the catalogue gives proper motions, line-of-sight velocities and parallaxes with errors typical of the Gaia Catalogue, rising to 36‚Äâpc if only proper motions are available. The uncertainty in the disc's scalelength is significantly smaller than 0.25‚Äâkpc.}",
    issn = {0035-8711},
    doi = {10.1093/mnras/stt814},
    url = {https://doi.org/10.1093/mnras/stt814},
    eprint = {https://academic.oup.com/mnras/article-pdf/433/2/1411/4920807/stt814.pdf},
}
@BOOK{2010dmp..book.....S,
       author = {{Sanders}, Robert H.},
        title = "{The Dark Matter Problem: A Historical Perspective}",
         year = 2010,
       adsurl = {https://ui.adsabs.harvard.edu/abs/2010dmp..book.....S},
      adsnote = {Provided by the SAO/NASA Astrophysics Data System}
}
@ARTICLE{2004ApJ...609..652M,
       author = {{McGaugh}, Stacy S.},
        title = "{The Mass Discrepancy-Acceleration Relation: Disk Mass and the Dark Matter Distribution}",
      journal = {\apj},
     keywords = {Cosmology: Dark Matter, Galaxies: Kinematics and Dynamics, Galaxies: Spiral, Astrophysics, High Energy Physics - Phenomenology},
         year = 2004,
        month = jul,
       volume = {609},
       number = {2},
        pages = {652-666},
          doi = {10.1086/421338},
archivePrefix = {arXiv},
       eprint = {astro-ph/0403610},
 primaryClass = {astro-ph},
       adsurl = {https://ui.adsabs.harvard.edu/abs/2004ApJ...609..652M},
      adsnote = {Provided by the SAO/NASA Astrophysics Data System}
}
@ARTICLE{2022A&A...664A..40M,
       author = {{Mistele}, T. and {McGaugh}, S. and {Hossenfelder}, S.},
        title = "{Galactic mass-to-light ratios with superfluid dark matter}",
      journal = {\aap},
     keywords = {galaxies: kinematics and dynamics, dark matter, gravitation, gravitational lensing: strong, Astrophysics - Astrophysics of Galaxies, General Relativity and Quantum Cosmology},
         year = 2022,
        month = aug,
       volume = {664},
          eid = {A40},
        pages = {A40},
          doi = {10.1051/0004-6361/202243216},
archivePrefix = {arXiv},
       eprint = {2201.07282},
 primaryClass = {astro-ph.GA},
       adsurl = {https://ui.adsabs.harvard.edu/abs/2022A&A...664A..40M},
      adsnote = {Provided by the SAO/NASA Astrophysics Data System}
}
@ARTICLE{1954AJ.....59..273S,
       author = {{Schwarzschild}, M.},
        title = "{Mass distribution and mass-luminosity ratio in galaxies}",
      journal = {\aj},
         year = 1954,
        month = sep,
       volume = {59},
        pages = {273},
          doi = {10.1086/107013},
       adsurl = {https://ui.adsabs.harvard.edu/abs/1954AJ.....59..273S},
      adsnote = {Provided by the SAO/NASA Astrophysics Data System}
}
@article{Villano:2022cry,
    author = "Villano, A. N. and Harris, Kitty C. and Bergfalk, Judit and Hatami, Raphael and Vititoe, Francis and Johnston, Julia",
    title = "{The Data Behind Dark Matter: Exploring Galactic Rotation}",
    eprint = "2207.11235",
    archivePrefix = "arXiv",
    primaryClass = "physics.ed-ph",
    month = "6",
    year = "2022"
}
@ARTICLE{2008ApJ...673..864J,
       author = {{Juri{\'c}}, Mario and {Ivezi{\'c}}, {\v{Z}}eljko and {Brooks}, Alyson and {Lupton}, Robert H. and {Schlegel}, David and {Finkbeiner}, Douglas and {Padmanabhan}, Nikhil and {Bond}, Nicholas and {Sesar}, Branimir and {Rockosi}, Constance M. and {Knapp}, Gillian R. and {Gunn}, James E. and {Sumi}, Takahiro and {Schneider}, Donald P. and {Barentine}, J.~C. and {Brewington}, Howard J. and {Brinkmann}, J. and {Fukugita}, Masataka and {Harvanek}, Michael and {Kleinman}, S.~J. and {Krzesinski}, Jurek and {Long}, Dan and {Neilsen}, Eric H., Jr. and {Nitta}, Atsuko and {Snedden}, Stephanie A. and {York}, Donald G.},
        title = "{The Milky Way Tomography with SDSS. I. Stellar Number Density Distribution}",
      journal = {\apj},
     keywords = {Galaxy: disk, Galaxy: fundamental parameters, Galaxy: halo, Galaxy: structure, Astrophysics},
         year = 2008,
        month = feb,
       volume = {673},
       number = {2},
        pages = {864-914},
          doi = {10.1086/523619},
archivePrefix = {arXiv},
       eprint = {astro-ph/0510520},
 primaryClass = {astro-ph},
       adsurl = {https://ui.adsabs.harvard.edu/abs/2008ApJ...673..864J},
      adsnote = {Provided by the SAO/NASA Astrophysics Data System}
}
@ARTICLE{2022arXiv221014915H,
       author = {{Haslbauer}, Moritz and {Kroupa}, Pavel and {Hasani Zonoozi}, Akram and {Haghi}, Hosein},
        title = "{Has JWST already falsified dark-matter-driven galaxy formation?}",
      journal = {arXiv e-prints},
     keywords = {Astrophysics - Astrophysics of Galaxies, Astrophysics - Cosmology and Nongalactic Astrophysics},
         year = 2022,
        month = oct,
          eid = {arXiv:2210.14915},
        pages = {arXiv:2210.14915},
archivePrefix = {arXiv},
       eprint = {2210.14915},
 primaryClass = {astro-ph.GA},
       adsurl = {https://ui.adsabs.harvard.edu/abs/2022arXiv221014915H},
      adsnote = {Provided by the SAO/NASA Astrophysics Data System}
}
@article{1999McGaugh,
   title={Galaxy Dynamics},
   volume={182  },
   ISSN={ },
   url={ https://ned.ipac.caltech.edu/level5/McGaugh/Mcgaugh_contents.html},
   DOI={ },
   journal={ Conference Proceedings },
   publisher={ San Francisco: ASP},
   author={Stacy McGaugh },
   year={ 1999},
   month={ },
   pages={ } }
@article{2019SARKAR,
   title={Evidence for anisotropy of cosmic acceleration},
   volume={631},
   ISSN={1432-0746},
   url={http://dx.doi.org/10.1051/0004-6361/201936373},
   DOI={10.1051/0004-6361/201936373},
   journal={Astronomy & Astrophysics},
   publisher={EDP Sciences},
   author={Colin, Jacques and Mohayaee, Roya and Rameez, Mohamed and Sarkar, Subir},
   year={2019},
   month={Nov},
   pages={L13} }
@article{Li2016ModellingMD,
  title={Modelling mass distribution of the Milky Way galaxy using Gaia billion-star map},
  author={Enbang Li},
  journal={arXiv: Astrophysics of Galaxies},
  year={2016}
}
@article{Lelli_2016surface,
   title={THE RELATION BETWEEN STELLAR AND DYNAMICAL SURFACE DENSITIES IN THE CENTRAL REGIONS OF DISK GALAXIES},
   volume={827},
   ISSN={2041-8213},
   url={http://dx.doi.org/10.3847/2041-8205/827/1/L19},
   DOI={10.3847/2041-8205/827/1/l19},
   number={1},
   journal={The Astrophysical Journal},
   publisher={American Astronomical Society},
   author={Lelli, Federico and McGaugh, Stacy S. and Schombert, James M. and Pawlowski, Marcel S.},
   year={2016},
   month={Aug},
   pages={L19}
}
@article{McGaugh_2014,
   title={The Third Law of Galactic Rotation},
   volume={2},
   ISSN={2075-4434},
   url={http://dx.doi.org/10.3390/galaxies2040601},
   DOI={10.3390/galaxies2040601},
   number={4},
   journal={Galaxies},
   publisher={MDPI AG},
   author={McGaugh, Stacy},
   year={2014},
   month={Dec},
   pages={601–622}
}
@article{Li_2018,
   title={Fitting the radial acceleration relation to individual SPARC galaxies},
   volume={615},
   ISSN={1432-0746},
   url={http://dx.doi.org/10.1051/0004-6361/201732547},
   DOI={10.1051/0004-6361/201732547},
   journal={Astronomy I\& Astrophysics},
   publisher={EDP Sciences},
   author={Li, Pengfei and Lelli, Federico and McGaugh, Stacy and Schombert, James},
   year={2018},
   month={Jul},
   pages={A3}
}
@article{indigipops,
author = {Garcia-Olp, Michelle and Nelson, Christine and Saiz, LeRoy},
year = {2019},
month = {10},
pages = {1-18},
title = {Conceptualizing a Mathematics Curriculum: Indigenous Knowledge has Always Been Mathematics Education},
volume = {55},
journal = {Educational Studies},
doi = {10.1080/00131946.2019.1680374}
}
@article{McGaugh_2000,
   title={The Baryonic Tully-Fisher Relation},
   volume={533},
   ISSN={0004-637X},
   url={http://dx.doi.org/10.1086/312628},
   DOI={10.1086/312628},
   number={2},
   journal={The Astrophysical Journal},
   publisher={American Astronomical Society},
   author={McGaugh, S. S. and Schombert, J. M. and Bothun, G. D. and de Blok, W. J. G.},
   year={2000},
   month={Apr},
   pages={L99–L102}
}
@article{Socolov,
      author         = "Socolovsky, M.",
      title          = "{Rindler Space and Unruh Effect}",
      year           = "2013",
      eprint         = "1304.2833",
      archivePrefix  = "arXiv",
      primaryClass   = "gr-qc",
      SLACcitation   = "CITATION = ARXIV:1304.2833"
}
@ARTICLE{2015lilTHINGS,
   author = {{Oh}, S.-H. and {Hunter}, D.~A. and {Brinks}, E. and {Elmegreen}, B.~G. and 
	{Schruba}, A. and {Walter}, F. and {Rupen}, M.~P. and {Young}, L.~M. and 
	{Simpson}, C.~E. and {Johnson}, M.~C. and {Herrmann}, K.~A. and 
	{Ficut-Vicas}, D. and {Cigan}, P. and {Heesen}, V. and {Ashley}, T. and 
	{Zhang}, H.-X.},
    title = "{High-resolution Mass Models of Dwarf Galaxies from LITTLE THINGS}",
  journal = {AJ},
archivePrefix = "arXiv",
   eprint = {1502.01281},
 keywords = {dark matter, galaxies: dwarf, galaxies: halos, galaxies: irregular, galaxies: kinematics and dynamics},
     year = 2015,
    month = jun,
   volume = 149,
      eid = {180},
    pages = {180},
      doi = {10.1088/0004-6256/149/6/180},
   adsurl = {http://adsabs.harvard.edu/abs/2015AJ....149..180O},
  adsnote = {Provided by the SAO/NASA Astrophysics Data System}
}
@article{McGaugh2016RAR,
  title = {Radial Acceleration Relation in Rotationally Supported Galaxies},
  author = {McGaugh, Stacy S. and Lelli, Federico and Schombert, James M.},
  journal = {Phys. Rev. Lett.},
  volume = {117},
  issue = {20},
  pages = {201101},
  numpages = {6},
  year = {2016},
  month = {Nov},
  publisher = {American Physical Society},
  doi = {10.1103/PhysRevLett.117.201101},
}
@ARTICLE{2016Lelli,
   author = {{Lelli}, F. and {McGaugh}, S.~S. and {Schombert}, J.~M.},
    title = "{SPARC: Mass Models for 175 Disk Galaxies with Spitzer Photometry and Accurate Rotation Curves}",
  journal = {AJ},
archivePrefix = "arXiv",
   eprint = {1606.09251},
 keywords = {dark matter, galaxies: dwarf, galaxies: irregular, galaxies: kinematics and dynamics, galaxies: spiral, galaxies: structure},
     year = 2016,
    month = dec,
   volume = 152,
      eid = {157},
    pages = {157},
      doi = {10.3847/0004-6256/152/6/157},
   adsurl = {http://adsabs.harvard.edu/abs/2016AJ....152..157L},
  adsnote = {Provided by the SAO/NASA Astrophysics Data System}
}
@ARTICLE{2008ApJJuric,
   author = {{Juri{\'c}}, M. and {Ivezi{\'c}}, {\v Z}. and {Brooks}, A. and 
	{Lupton}, R.~H. and {Schlegel}, D. and {Finkbeiner}, D. and 
	{Padmanabhan}, N. and {Bond}, N. and {Sesar}, B. and {Rockosi}, C.~M. and 
	{Knapp}, G.~R. and {Gunn}, J.~E. and {Sumi}, T. and {Schneider}, D.~P. and 
	{Barentine}, J.~C. and {Brewington}, H.~J. and {Brinkmann}, J. and 
	{Fukugita}, M. and {Harvanek}, M. and {Kleinman}, S.~J. and 
	{Krzesinski}, J. and {Long}, D. and {Neilsen}, Jr., E.~H. and 
	{Nitta}, A. and {Snedden}, S.~A. and {York}, D.~G.},
    title = "{The Milky Way Tomography with SDSS. I. Stellar Number Density Distribution}",
  journal = {\apj},
   eprint = {astro-ph/0510520},
 keywords = {Galaxy: disk, Galaxy: fundamental parameters, Galaxy: halo, Galaxy: structure},
     year = 2008,
    month = feb,
   volume = 673,
      eid = {864-914},
    pages = {864-914},
      doi = {10.1086/523619},
   adsurl = {http://adsabs.harvard.edu/abs/2008ApJ...673..864J},
  adsnote = {Provided by the SAO/NASA Astrophysics Data System}
}
@ARTICLE{2001AAAlton,
   author = {{Alton}, P.~B. and {Lequeux}, J. and {Bianchi}, S. and {Churches}, D. and 
	{Davies}, J. and {Combes}, F.},
    title = "{Deep submillimeter images of NGC 7331; dust at the periphery of spiral disks}",
  journal = {aap},
 keywords = {ISM: DUST, EXTINCTION, ISM: MOLECULES, GALAXIES: SPIRAL, GALAXIES: ISM, INFRARED: GALAXIES, GALAXIES: NGC 7331},
     year = 2001,
    month = feb,
   volume = 366,
    pages = {451-465},
      doi = {10.1051/0004-6361:20000405},
   adsurl = {http://adsabs.harvard.edu/abs/2001A%26A...366..451A},
  adsnote = {Provided by the SAO/NASA Astrophysics Data System}
}

@ARTICLE{1985ApJAlbada,
   author = {{van Albada}, T.~S. and {Bahcall}, J.~N. and {Begeman}, K. and 
	{Sancisi}, R.},
    title = "{Distribution of dark matter in the spiral galaxy NGC 3198}",
  journal = {\apj},
 keywords = {Dark Matter, Disk Galaxies, Galactic Structure, Mass Distribution, Matter (Physics), Spiral Galaxies, Astronomical Models, Galactic Rotation, Halos, Mass To Light Ratios},
     year = 1985,
    month = aug,
   volume = 295,
    pages = {305-313},
      doi = {10.1086/163375},
   adsurl = {http://adsabs.harvard.edu/abs/1985ApJ...295..305V},
  adsnote = {Provided by the SAO/NASA Astrophysics Data System}
}
@ARTICLE{2014MNRASElson,
   author = {{Elson}, E.~C.},
    title = "{An H I study of NGC 3521 - a galaxy with a slow-rotating halo}",
  journal = {mnras},
archivePrefix = "arXiv",
   eprint = {1312.2399},
 primaryClass = "astro-ph.GA",
 keywords = {galaxies: haloes, galaxies: individual: NGC 3521, galaxies: kinematics and dynamics},
     year = 2014,
    month = feb,
   volume = 437,
    pages = {3736-3749},
      doi = {10.1093/mnras/stt2182},
   adsurl = {http://adsabs.harvard.edu/abs/2014MNRAS.437.3736E},
  adsnote = {Provided by the SAO/NASA Astrophysics Data System}
}
@article{mnras2011McMillan,
author = {McMillan, Paul J.},
title = {Mass models of the Milky Way},
journal = {Monthly Notices of the Royal Astronomical Society},
volume = {414},
number = {3},
pages = {2446-2457},
year = {2011},
doi = {10.1111/j.1365-2966.2011.18564.x},
URL = { + http://dx.doi.org/10.1111/j.1365-2966.2011.18564.x},
%eprint = {/oup/backfile/content_public/journal/mnras/414/3/10.1111/j.1365-2966.2011.18564.x/2/mnras0414-2446.pdf}
}
@ARTICLE{2002Bissantz,
   author = {{Bissantz}, N. and {Gerhard}, O.},
    title = "{Spiral arms, bar shape and bulge microlensing in the Milky Way}",
  journal = {mnras},
   eprint = {astro-ph/0110368},
 keywords = {GALAXY: CENTRE, GALAXY: STRUCTURE, GALAXIES: SPIRAL, Galaxy: centre, Galaxy: structure, galaxies: spiral},
     year = 2002,
    month = mar,
   volume = 330,
    pages = {591-608},
      doi = {10.1046/j.1365-8711.2002.05116.x},
   adsurl = {http://adsabs.harvard.edu/abs/2002MNRAS.330..591B},
  adsnote = {Provided by the SAO/NASA Astrophysics Data System}
}
@Article{Famaey2012,
author="Famaey, Beno{\^i}t
and McGaugh, Stacy S.",
title="Modified Newtonian Dynamics (MOND): Observational Phenomenology and Relativistic Extensions",
journal="Living Reviews in Relativity",
year="2012",
month="Sep",
day="07",
volume="15",
number="1",
pages="10",
issn="1433-8351",
doi="10.12942/lrr-2012-10",
url="https://doi.org/10.12942/lrr-2012-10"
}
@book{rindler2013essential,
  title={Essential Relativity: Special, General, and Cosmological},
  author={Rindler, W.},
  isbn={9781475711356},
  url={https://books.google.com/books?id=WTfnBwAAQBAJ},
  year={2013},
  publisher={Springer New York}
}
@book{Pauli,
  title={Theory of Relativity},
  author={Pauli, W.},
   year={1958},
  publisher={Pergamon Press,  New York, Bombay}
}
@Book{Sof13,
  AUTHOR =    {Sofue, Y. },
  TITLE =        {Planets, Stars and Stellar Systems, Ch. 19: The Mass Distribution and Rotation Curve in the Galaxy}, 
  YEAR =         {2013}, 
 publisher = {Springer},
 volume = {5}
}
@ARTICLE{Freeman,
   author = {{Freeman}, K.~C.},
    title = "{On the Disks of Spiral and so Galaxies}",
  journal = {ApJ},
     year = 1970,
    month = jun,
   volume = 160,
    pages = {811},
      doi = {10.1086/150474},
   adsurl = {http://adsabs.harvard.edu/abs/1970ApJ...160..811F},
  adsnote = {Provided by the SAO/NASA Astrophysics Data System}
}
@ARTICLE{2004AJ....127.2031K,
   author = {{Karachentsev}, I.~D. and {Karachentseva}, V.~E. and {Huchtmeier}, W.~K. and {Makarov}, D.~I.},
  title = "{A Catalog of Neighboring Galaxies}",
  journal = {aj},
 keywords = {Galaxies: Distances and Redshifts, Galaxies: Fundamental Parameters, Galaxies: Luminosity Function, Mass Function},
     year = 2004,
    month = apr,
   volume = 127,
    pages = {2031-2068},
      doi = {10.1086/382905},
   adsurl = {http://adsabs.harvard.edu/abs/2004AJ....127.2031K},
  adsnote = {Provided by the SAO/NASA Astrophysics Data System}
}
@ARTICLE{2011ApJ...739...20C,
   author = {{Courteau}, S. and {Widrow}, L.~M. and {McDonald}, M. and {Guhathakurta}, P. and 
	{Gilbert}, K.~M. and {Zhu}, Y. and {Beaton}, R.~L. and {Majewski}, S.~R.
	},
    title = "{The Luminosity Profile and Structural Parameters of the Andromeda Galaxy}",
  journal = {apj},
archivePrefix = "arXiv",
   eprint = {1106.3564},
 primaryClass = "astro-ph.CO",
 keywords = {galaxies: bulges, galaxies: formation, galaxies: fundamental parameters, galaxies: general, galaxies: halos, galaxies: photometry, galaxies: spiral, galaxies: structure, methods: data analysis},
     year = 2011,
    month = sep,
   volume = 739,
      eid = {20},
    pages = {20},
      doi = {10.1088/0004-637X/739/1/20},
   adsurl = {http://adsabs.harvard.edu/abs/2011ApJ...739...20C},
  adsnote = {Provided by the SAO/NASA Astrophysics Data System}
}
 @ARTICLE{pasc,
  author =  {Pascual-Sanchez, J.~F.},
  title = "{ }",
  journal = {Annalen~Phys. },   
     year = 2007, 
   volume = {16}, 
    pages = {258},  
}  
@ARTICLE{radoszpl,
  author =  {Radosz, A. and Augousti,  A.~T.  and Ostasiewicz, K.},
  title = "{ }",
  journal = {Phys.~Lett.},   
     year = 2009, 
   volume = {A373}, 
    pages = {801},  
}
@ARTICLE{martocc,
  author =  {Martocchia, A. and  Karas, V. and Matt, G.},
  title = "{ }",
  journal = {MNRAS},   
     year = 2000, 
   volume = 312, 
    pages = {817},  
}
@ARTICLE{bahder,
  author =  {Bahder, T.~B.},
  title = "{ }",
  journal = {Phys.~Rev.},   
     year = 2003, 
   volume = {D 68}, 
    pages = {063005},  
}
@ARTICLE{teyssan,
  author =  {Linet, B. and Teyssandier, P.},
  title = "{ }",
  journal = {Phys.~Rev.},   
     year = 2002, 
   volume = {D 66}, 
    pages = {024045},  
}   
@book{Graphclick,
author = {GraphClick},
title = {Arizona Software},
 YEAR = {2013},  
}
@book{Born,
  author =  {Born, M. and Wolf, E.},
  title =  {Principles of Optics},
  year = {1999},
  publisher = {Cambridge University Press},
   edition = {9th}
}
@ARTICLE{Frederic,
   author = {{Hessman}, F.~V. and {Ziebart}, M.},
    title = "{The Bosma effect revisited. I. HI and stellar disc scaling models}",
  journal = {A\&A},
archivePrefix = "arXiv",
   eprint = {1106.5621},
 primaryClass = "astro-ph.CO",
 keywords = {galaxies: ISM, galaxies: kinematics and dynamics, galaxies: spiral, galaxies: structure, dark matter},
     year = 2011,
    month = aug,
   volume = 532,
      eid = {A121},
    pages = {A121},
      doi = {10.1051/0004-6361/201117199},
   adsurl = {http://adsabs.harvard.edu/abs/2011A},
  adsnote = {Provided by the SAO/NASA Astrophysics Data System}
} 
@book{Binney,
  author =  {Binney, J. and Tremaine, S.},
  title =  {Galactic Dynamics},
  year = {2008},
  publisher = { Princeton University Press: Princeton, NJ},
  edition = {2nd}
}
@book{Narayan,
  author =  {Narayan, R. and and Bartelman, M.},
  title =  {Formation of Structure in the Universe: Lectures on Gravitational Lensing},
  year = {1997},
  publisher = {A. Dekel and J.~P.  Ostriker}
}
@ARTICLE{1996Narayan,
   author = {{Narayan}, R. and {Bartelmann}, M.},
    title = "{Lectures on Gravitational Lensing}",
  journal = {ArXiv Astrophysics e-prints},
   eprint = {astro-ph/9606001},
 keywords = {Astrophysics},
     year = 1996,
    month = jun,
   adsurl = {http://adsabs.harvard.edu/abs/1996astro.ph..6001N},
  adsnote = {Provided by the SAO/NASA Astrophysics Data System}
}
@article{2014Fish,
      author         = "Lu, Ru-Sen and Broderick, Avery E. and Baron, Fabien and
                        Monnier, John D. and Fish, Vincent L. and others",
      title          = "{Imaging the Supermassive Black Hole Shadow and Jet Base
                        of M87 with the Event Horizon Telescope}",
      journal        = "Astrophys.J.",
      volume         = "788",
      pages          = "120",
      doi            = "10.1088/0004-637X/788/2/120",
      year           = "2014",
      eprint         = "1404.7095",
      archivePrefix  = "arXiv",
      primaryClass   = "astro-ph.IM",
      SLACcitation   = " ",
}@ARTICLE{li,
  author =  {Li, L.~X. and  Zimmerman, E.~R. and  Narayan, R. and McClintock, J.~E.},
  title = "{ }",
  journal = {Astrophys. Jour. Suppl.},   
     year = 2005, 
   volume = 157, 
    pages = {335},  
}
@article{Schonenbach, 
   author = {{Sch{\"o}nenbach}, T. and {Caspar}, G. and {Hess}, P.~O. and 
	{Boller}, T. and {M{\"u}ller}, A. and {Sch{\"a}fer}, M. and 
	{Greiner}, W.},
    title = "{Ray-tracing in pseudo-complex General Relativity}",
  journal = {MNRAS},
archivePrefix = "arXiv",
   eprint = {1312.1170},
 keywords = {black hole physics, gravitation, celestial mechanics, galaxies: nuclei},
     year = 2014,
    month = jul,
   volume = 442,
    pages = {121-130},
      doi = {10.1093/mnras/stu833},
   adsurl = {http://adsabs.harvard.edu/abs/2014MNRAS.442..121S},
  adsnote = {Provided by the SAO/NASA Astrophysics Data System}
}
@ARTICLE{laor,
  author =  {Laor, A. },
  title = "{ }",
  journal = {ApJ},   
     year = 1991, 
   volume = 376, 
    pages = {90},  
}
@ARTICLE{fabian,
  author =  {Fabian,  A.~C. and Iwasawa,  K. and Reynolds, C.~S.  and  Young, A.~J.},
  title = "{ }",
  journal = {PASP},   
     year = 2000, 
   volume = 112, 
    pages = {1145},  
}  
@ARTICLE{cunning,
  author =  {Cunningham, C.~T.},
  title = "{ }",
  journal = {ApJ},   
     year = 1998, 
   volume = 202, 
    pages = {788},  
}  
@book{Born,
  author =  {Born, M. and Wolf, E.},
  title =  {Principles of Optics},
  year = {1999},
  publisher = {Cambridge University Press},
   edition = {9th}
}  
@ARTICLE{bromley,
   author = {{Bromley}, B.~C.~ and {Miller}, , W.~A. and {Pariev}, V.~I.},
    title = "{ }",
  journal = {Nature},   
     year = 1998, 
   volume = 391, 
    pages = {54},  
} 
@ARTICLE{fanton,
   author = {{Fanton}, C.   and {Calvano}, M. and {de~Felice}, F. and {\v{C}ade\v{z}}, A.},
    title = "{ }",
  journal = {PASJ},   
     year = 1997, 
   volume = 49, 
    pages = {159},  
} 
@ARTICLE{Frederic,
   author = {{Hessman}, F.~V. and {Ziebart}, M.},
    title = "{The Bosma effect revisited. I. HI and stellar disc scaling models}",
  journal = {A\&A},
archivePrefix = "arXiv",
   eprint = {1106.5621},
 primaryClass = "astro-ph.CO",
 keywords = {galaxies: ISM, galaxies: kinematics and dynamics, galaxies: spiral, galaxies: structure, dark matter},
     year = 2011,
    month = aug,
   volume = 532,
      eid = {A121},
    pages = {A121},
      doi = {10.1051/0004-6361/201117199},
   adsurl = {http://adsabs.harvard.edu/abs/2011A},
  adsnote = {Provided by the SAO/NASA Astrophysics Data System}
} 
@book{Binney,
  author =  {Binney, J. and Tremaine, S.},
  title =  {Galactic Dynamics},
  year = {2008},
  publisher = { Princeton University Press: Princeton, NJ},
  edition = {2nd}
} 
@book{chandra,
  author =  {Chandrasekhar,  S.},
  title =  {The Mathematical Theory of Black
Holes},
  year = {1983},
  publisher = {Oxford University Press, New York, NY}
} 
@book{Jack,
  author = { Jackson,  J.D.},
  title = {Classical Electrodynamics},
  year = { 1999},
  publisher = {John Wiley \& Sons, Inc., New Jersey, USA}, 
  edition = {3rd}
}   
@book{Vauc,
  author = {de Vaucouleurs, G.},
  title = {Second Reference Catalogue of Bright Galaxies},
  year = { 1976},
  publisher = {University of Texas Press, Austin, TX, USA}
} 
@book{Wald,
  author = {R. Wald},
  title = {General Relativity},
  year = {1984},
  publisher = {University of Chicago Press, Chicago, IL, USA}
} 
@book{Weyl,
  author = {Einstein,   A. and Lorentz, H. A. and  Minkowski, H.  and  Weyl, H.},
  title = {The Principle of Relativity},
  year = {1923},
  publisher = {Dover Publications}
} 
@book{oneill,
  author = {B.~O'Neill},
  title = {The Geometry of Kerr Black Holes},
  year = {1995},
  publisher = {A.~K.~Peters, Wellesley, MA, USA}
} 
@book{Fowles,
  author = {Fowles, G. and Cassidy, G.},
  title = {Analytical Mechanics},
  year = {2005},
  publisher = {Thomson Brooks \& Cole: Belmont, CA, USA},
  edition = {7th}
}
@book{HRD,
  author = {Smith, R.},
  title = {Observational Astrophysics},
  year = {1995},
  publisher = { Cambridge University Press, Cambridge, UK}
}
@inproceedings{PSS,
title = {},
  author = {Persic, M. and Salucci, P.},
  BOOKTITLE = {Dark and visible matter in Galaxies},
  year = 1997,
  organization = {ASP Conference Series 117, 1} 
} 
@article{Pierce,
      author         = "Pierce, M.J. and Welch, D.L. and McClure, R.D. and van
                        den Bergh, S. and Racine, R. and others",
      title          = "{The Hubble constant and Virgo cluster distance from
                        observations of Cepheid variables}",
      journal        = "Nature",
      volume         = "371",
      pages          = "385-389",
      doi            = "10.1038/371385a0",
      year           = "1994",
      SLACcitation   = " ",
}
@ARTICLE{Tully,
   author = {{Tully}, R.~B. and {Pierce}, M.~J.},
    title = "{Distances to Galaxies from the Correlation between Luminosities and Line Widths. III. Cluster Template and Global Measurement of H$_{0}$}",
  journal = {ApJ},
   eprint = {astro-ph/9911052},
 keywords = {COSMOLOGY: DISTANCE SCALE, GALAXIES: DISTANCES AND REDSHIFTS, GALAXIES: FUNDAMENTAL PARAMETERS},
     year = 2000,
    month = apr,
   volume = 533,
    pages = {744-780},
      doi = {10.1086/308700},
   adsurl = {http://adsabs.harvard.edu/abs/2000ApJ...533..744T},
  adsnote = {Provided by the SAO/NASA Astrophysics Data System}
}
@article{giraud2000universal,
  title={A universal coupling relation between luminous and dark matter surface densities in disk rotating galaxies},
  author={Giraud, Edmond},
  journal={AJ},
  volume={531},
  number={2},
  pages={701},
  year={2000},
  publisher={IOP Publishing}
}
@article{Dicaire,
title={Deep Fabry-Perot Halpha Observations of NGC 7793: a Very
                        Extended Halpha Disk and a Truly Declining Rotation
                        Curve},
  author={Dicaire, I. and Carignan, C. and Amram, P. and Marcelin,
                        M. and Hlavacek-Larrondo, J. and others},
  journal={AJ},
  volume={135}, 
  year={2008},
  SLACcitation   = "CITATION = ARXIV:0802.2545",
}
@article{Saglia, 
   author = {Saglia, R.~P. and Fabricius, M. and Bender, R. and Montalto, M. and 
	Lee, C.-H. and Riffeser, A. and Seitz, S. and Morganti, L. and 
	Gerhard, O. and Hopp, U.},
    title = "{The old and heavy bulge of M 31 . I. Kinematics and stellar populations}",
  journal = {A\&A},
archivePrefix = "arXiv",
   eprint = {0910.5590},
 primaryClass = "astro-ph.CO",
 keywords = {galaxies: kinematics and dynamics, galaxies: individual: M 31, galaxies: stellar content},
     year = 2010,
    month = jan,
   volume = 509,
      eid = {A61},
    pages = {A61},
      doi = {10.1051/0004-6361/200912805},
   adsurl = {http://adsabs.harvard.edu/abs/2010A26A...509A..61S},
  adsnote = {Provided by the SAO/NASA Astrophysics Data System}
}
@article{mcgaugh1998testing,
  title={Testing the hypothesis of modified dynamics with low surface brightness galaxies and other evidence},
  author={McGaugh, Stacy S and De Blok, WJG},
  journal={ApJ},
  volume={499},
  number={1},
  pages={66},
  year={1998},
  publisher={IOP Publishing}
}
@article{Mannheim,
title = "{Galactic rotation curves in conformal gravity}",
  author = {Mannheim, P. and O'Brien, J.},
  journal = {Journal of Physics: Conference Series  437 (2013) 012002},
  year = 1997,
  organization = {IOP Publishing} 
}
@article{Cisneros:2013vha,
      author         = {Cisneros, S. and Oblath, N.S. and Formaggio, J.A. and
                        Goedecke, G. and Chester, D. and others},
      title          = "{The Luminous Convolution Model}",
      year           = "2013",
      eprint         = "1309.7370",
      archivePrefix  = "arXiv",
      primaryClass   = "astro-ph.CO",
      journal   = "ARXIV:1309.7370",
} 
@article{Cisneros:2014fea,
      author         = "Cisneros, S. and Oblath, N.S. and Formaggio, J.A. and
                        Ott, R.A. and Chester, D. and others",
      title          = "{The Luminous Convolution Model as an alternative to dark
                        matter in spiral galaxies}",
      year           = "2014",
      eprint         = "1407.7583",
      archivePrefix  = "arXiv",
      primaryClass   = "astro-ph.GA",
       journal   = "ARXIV:1407.7583",
      SLACcitation   = "CITATION = ARXIV:1407.7583",
}
@ARTICLE{Cisneros2015,
   author = {{Cisneros}, S. and {O'Brien}, J.~G. and {Oblath}, N.~S. and 
	{Formaggio}, J.~A.},
    title = "{The Luminous Convolution Model for spiral galaxy rotation curves}",
  journal = {ArXiv e-prints},
archivePrefix = "arXiv",
   eprint = {1506.04587},
 keywords = {Astrophysics - Astrophysics of Galaxies},
     year = 2015,
    month = jun,
   adsurl = {http://adsabs.harvard.edu/abs/2015arXiv150604587C},
  adsnote = {Provided by the SAO/NASA Astrophysics Data System}
} 
@ARTICLE{Cisn2016,
   author = {{Cisneros}, S. and {O'Brien}, J. and {Oblath}, N. and {Formaggio}, J. and 
	{Crowley}, M. and {Mikulski}, K.},
    title = "{Toward a Zero-Parameter Model for Galaxy Rotation Curve Data}",
  journal = {ArXiv e-prints},
archivePrefix = "arXiv",
   eprint = {1608.08316},
 keywords = {Astrophysics - Astrophysics of Galaxies},
     year = 2016,
    month = aug,
   adsurl = {http://adsabs.harvard.edu/abs/2016arXiv160808316C},
  adsnote = {Provided by the SAO/NASA Astrophysics Data System}
}
@ARTICLE{Cisn, 
   author = {{Cisneros}, S. and {Goedecke}, G. and {Beetle}, C. and {Engelhardt}, M.
	},
    title = "{On the Doppler effect for light from orbiting sources in Kerr-type metrics}",
  journal = {MNRAS},
 keywords = {black hole physics, galaxies: distances and redshifts, galaxies: kinematics and dynamics, cosmology: theory},
     year = 2015,
    month = apr,
   volume = 448,
    pages = {2733-2736},
      doi = {10.1093/mnras/stv172},
   adsurl = {http://adsabs.harvard.edu/abs/2015MNRAS.448.2733C},
  adsnote = {Provided by the SAO/NASA Astrophysics Data System}
}
@article{Rahvar,
author  = "Rahvar, S.. and  Mashoon, B.",
title = "Observational Tests of Nonlocal Gravity: Galaxy Rotation Curves and Clusters of Galaxies",
year = 2014,
journal = "arXiv:1401.4819v1" 
} 
@article{JNav1,
author  = "Navarro,  J.F.",
title = "{The Cosmological Significance of Disk Galaxy Rotation Curves}",
year = "1998",
journal = "arxiv:astro-ph/9807084" 
}  
@article{Oosterloo:2007se,
      author         = "Oosterloo, Tom and Fraternali, Filippo and Sancisi,
                        Renzo",
      title          = "{The cold gaseous halo of NGC 891}",
      journal        = "Astron.J.",
      volume         = "134",
      pages          = "1019-1036",
      doi            = "10.1086/520332",
      year           = "2007",
      eprint         = "0705.4034",
      archivePrefix  = "arXiv",
      primaryClass   = "astro-ph",
      SLACcitation   = " ",
}
@article{DAMA,
      author         = "Bernabei, R. and others",
      title          = "{New results from DAMA/LIBRA}",
      collaboration  = "DAMA Collaboration, LIBRA Collaboration",
      journal        = "Eur.Phys.J.",
      volume         = "C67",
      pages          = "39-49",
      doi            = "10.1140/epjc/s10052-010-1303-9",
      year           = "2010",
      eprint         = "1002.1028",
      archivePrefix  = "arXiv",
      primaryClass   = "astro-ph.GA",
      SLACcitation   = "",
}
@article{CoGeNT,
      author         = "Aalseth, C.E. and others",
      title          = "{CoGeNT: A Search for Low-Mass Dark Matter using p-type
                        Point Contact Germanium Detectors}",
      collaboration  = "CoGeNT Collaboration",
      journal        = "Phys.Rev.",
      volume         = "D88",
      pages          = "012002",
      doi            = "10.1103/PhysRevD.88.012002",
      year           = "2013",
      eprint         = "1208.5737",
      archivePrefix  = "arXiv",
      primaryClass   = "astro-ph.CO",
      SLACcitation   = " ",
}
@article{CDMS,
      author         = "Agnese, R. and others",
      title          = "{Dark Matter Search Results Using the Silicon Detectors
                        of CDMS II}",
      collaboration  = "CDMS Collaboration",
      journal        = "Phys.Rev.Lett.",
      year           = "2013",
      eprint         = "1304.4279",
      archivePrefix  = "arXiv",
      primaryClass   = "hep-ex",
      reportNumber   = "FERMILAB-PUB-13-104-AE-E",
      SLACcitation   = " ",
}
@article{XENON,
      author         = "Angle, J. and others",
      title          = "{First Results from the XENON10 Dark Matter Experiment at
                        the Gran Sasso National Laboratory}",
      collaboration  = "XENON Collaboration",
      journal        = "Phys.Rev.Lett.",
      volume         = "100",
      pages          = "021303",
      doi            = "10.1103/PhysRevLett.100.021303",
      year           = "2008",
      eprint         = "0706.0039",
      archivePrefix  = "arXiv",
      primaryClass   = "astro-ph",
      SLACcitation   = " ",
}   
@ARTICLE{Walt87,
  AUTHOR =  {Walterbos, R. A. M. and Kennicutt, R. C.},
  TITLE =        {},
  JOURNAL =      {A\&A},
  YEAR =         {1987}, 
 VOLUME =    {69},
  PAGES =     {311}
}   
@ARTICLE{Walt88,
  AUTHOR =  {Walterbos, R. A. M. and Kennicutt, R. C.},
  TITLE =        {},
  JOURNAL =      {A\&A},
  YEAR =         {1988}, 
 VOLUME =    {198},
  PAGES =     {61}
} 
@ARTICLE{SanMcGa,
  AUTHOR =       {Sanders, R.H. and  McGaugh, S.S.},
  TITLE =        {MODIFIED NEWTONIAN DYNAMICS AS AN ALTERNATIVE TO DARK MATTER},
  JOURNAL =      {ARA\&A},
  YEAR =         {2002}, 
 VOLUME =    {40},
  PAGES =     {263}
}  
@article{Gianfranco,
      author         = "Bertone, Gianfranco and Hooper, Dan and Silk, Joseph",
      title          = "{Particle dark matter: Evidence, candidates and
                        constraints}",
      journal        = "Phys.Rept.",
      volume         = "405",
      pages          = "279-390",
      doi            = "10.1016/j.physrep.2004.08.031",
      year           = "2005",
      eprint         = "hep-ph/0404175",
      archivePrefix  = "arXiv",
      primaryClass   = "hep-ph",
      reportNumber   = "FERMILAB-PUB-04-047-A",
      SLACcitation   = " ",
}  
@ARTICLE{Persic,
  AUTHOR =   {Persic, M. and  Salucci, P. and   and Stel, F.},
  TITLE =        {},
  JOURNAL =  {MNRAS},
  YEAR =         {1996}, 
 VOLUME =   {281},
  PAGES =     {27}
} 
 @ARTICLE{MaJ,
  AUTHOR =    {MA Jun},
  TITLE =        {Structure and Inclination Angle of the Spiral Galaxy M31},
  JOURNAL =  { Chinese Phys. Lett.},
  YEAR =         {2001}, 
 VOLUME =    {18},
  PAGES =     {1420}
}
@ARTICLE{PS88,
  AUTHOR =    {Persic, M. and Salucci,  P.},
  TITLE =        {},
  JOURNAL = {MNRAS},
  YEAR =         {1988}, 
 VOLUME =    {234},
  PAGES =     {131}
}
@ARTICLE{PS90,
  AUTHOR =    {Persic, M. and Salucci,  P.},
  TITLE =        {},
  JOURNAL = {MNRAS},
  YEAR =         {1990}, 
 VOLUME =    {245},
  PAGES =     {577}
}
@ARTICLE{SalucciApJ,
  AUTHOR =    {Salucci,  P. and Burkert, A.},
  TITLE =        {Dark Matter Scaling Relations},
  JOURNAL = {ApJ},
  YEAR =         {2000}, 
 VOLUME =    {537},
  PAGES =     {L9-L12}
} 
@ARTICLE{Carig90, 
   author = {Carignan, C. and Charbonneau, P. and Boulanger, F. and 
	Viallefond, F.},
    title = "{Observational study of the spiral galaxy NGC 6946. II - H I kinematics and mass distribution}",
  journal = {A\&A},
 keywords = {Galactic Structure, H I Regions, Mass Distribution, Spiral Galaxies, Galactic Rotation, Halos, Radio Galaxies, Spatial Distribution, Very Large Array (Vla)},
     year = 1990,
    month = aug,
   volume = 234,
    pages = {43-52},
   adsurl = {http://adsabs.harvard.edu/abs/1990A}, 
}
@article{Tinsley81,
author = {Tinsley, Beatrice M.}, 
title = {Correlation of the dark mass in galaxies with Hubble type},
volume = {194}, 
number = {1}, 
pages = {63-75}, 
year = {1981}, 
doi = {10.1093/mnras/194.1.63},
URL = {http://mnras.oxfordjournals.org/content/194/1/63.abstract}, 
eprint = {http://mnras.oxfordjournals.org/content/194/1/63.full.pdf+html}, 
journal = {Monthly Notices of the Royal Astronomical Society} 
} 
@ARTICLE{Sof81,
   author = {Sofue, Y. and Kato, T.},
    title = "{Neutral Hydrogen in M31 - Part One - the Distribution of HI Gas and Spiral Arms}",
  journal = {PASJ},
     year = 1981,
   volume = 33,
    pages = {449},
   adsurl = {http://adsabs.harvard.edu/abs/1981PASJ...33..449S},
  adsnote = {Provided by the SAO/NASA Astrophysics Data System}
}
@article{ISO,
      author         = {Kamionkowski, M. and Kinkhabwala, A.},
      title          = "{Galactic halo models and particle dark matter
                        detection}",
      journal        = "Phys.Rev.",
      volume         = "D57",
      pages          = "3256-3263",
      doi            = "10.1103/PhysRevD.57.3256",
      year           = "1998",
      eprint         = "hep-ph/9710337",
      archivePrefix  = "arXiv",
      primaryClass   = "hep-ph",
      reportNumber   = "CU-TP-864, CAL-648",
      SLACcitation   = " ",
}
@article{Braun, 
   author = {Braun, R. and Thilker, D.~A. and Walterbos, R.~A.~M. and {Corbelli}, E.},
    title = "{A Wide-Field High-Resolution H I Mosaic of Messier 31. I. Opaque Atomic Gas and Star Formation Rate Density}",
  journal = {ApJ},
archivePrefix = "arXiv",
   eprint = {0901.4154},
 primaryClass = "astro-ph.CO",
 keywords = {galaxies: individual: M31, galaxies: ISM, Local Group, radio lines: galaxies, stars: formation},
     year = 2009,
    month = apr,
   volume = 695,
    pages = {937-953},
      doi = {10.1088/0004-637X/695/2/937},
   adsurl = {http://adsabs.harvard.edu/abs/2009ApJ...695..937B},
  adsnote = {Provided by the SAO/NASA Astrophysics Data System}
}

@article{Xue,
      author         = "Xue, X.X. and others",
      title          = "{The Milky Way's Circular Velocity Curve to 60 kpc and an
                        Estimate of the Dark Matter Halo Mass from Kinematics of
                        ~2400 SDSS Blue Horizontal Branch Stars}",
      collaboration  = "SDSS Collaboration",
      journal        = "AJ.",
      volume         = "684",
      pages          = "1143-1158",
      doi            = "10.1086/589500",
      year           = "2008",
      eprint         = "0801.1232",
      archivePrefix  = "arXiv",
      primaryClass   = "astro-ph",
      reportNumber   = "FERMILAB-PUB-08-165-A-CD",
      SLACcitation   = " ",
}
@ARTICLE{Klypin,
  AUTHOR =       {Klypin,  A. and Zhao, H. and Somerville, R.},
  TITLE =        {Extended HI Rotation Curve and Mass Distribution of M31},
  JOURNAL =      { ApJ},
  YEAR =         {2002},
  VOLUME =    {573},
  PAGES =     {597},
} 
@ARTICLE{Bot,
  AUTHOR =       {Bottema,  R.  and Pestana, J.L.G. and Rothberg, B. and Sanders, R.H. },
  TITLE =        {MOND rotation curves for spiral galaxies with Cepheid based distances},
  JOURNAL =      {A\&A},
  YEAR =         {2002},
  VOLUME =    {393},
  PAGES =     {453 },
} 
@ARTICLE{Car,
  AUTHOR =       {Carignan, C. and Chemin, L.},
  TITLE =        {Extended HI Rotation Curve and Mass Distribution of M31},
  JOURNAL =      {ApJ},
  YEAR =         {2006},
  VOLUME =    {641},
  PAGES =     {L109-L112},
}
@ARTICLE{1996ApJBolk,
   author = {{de Blok}, W.~J.~G. and {McGaugh}, S.~S.},
    title = "{Does Low Surface Brightness Mean Low Density?}",
  journal = {apjl},
   eprint = {astro-ph/9607042},
 keywords = {GALAXIES: FUNDAMENTAL PARAMETERS, GALAXIES: INDIVIDUAL NGC NUMBER: NGC 2403, GALAXIES: INDIVIDUAL ALPHANUMERIC: UGC 128, GALAXIES: STRUCTURE, GALAXIES: SPIRAL, GALAXIES: KINEMATICS AND DYNAMICS, DARK MATTER},
     year = 1996,
    month = oct,
   volume = 469,
    pages = {L89},
      doi = {10.1086/310266},
   adsurl = {http://adsabs.harvard.edu/abs/1996ApJ...469L..89D},
  adsnote = {Provided by the SAO/NASA Astrophysics Data System}
}
@ARTICLE{Blok,
  AUTHOR =       {de Blok, W.J.G. and Walter, F. and and Brinks, E. },
  TITLE =        {High-Resolution Rotation Curves and Galaxy Mass Models from THINGS},
  JOURNAL =      {AJ},
  YEAR =         {2008},
  VOLUME =    {136},
  PAGES =     {2648},
}
@ARTICLE{deBlok,
  AUTHOR =       {de Blok, WJG.  and McGaugh, S.S.},
  TITLE =        {The dark and visible matter content of low surface brightness disk galaxies},
  JOURNAL =      {MNRAS},
  YEAR =         {1997},
  VOLUME =    {290},
  PAGES =     {533},
}
@ARTICLE{Collas,
  AUTHOR =       {Collas, P. },
  TITLE =        {Simple Tests for Proposed Interior Kerr Metrics},
  JOURNAL =      {Lettere Al Nuovo Cimento},
  YEAR =         {1978},
  VOLUME =    {21},
  PAGES =     {n.2},
}
﻿@Article{Gusev3726,
author="Gusev, A. S.
and Zasov, A. V.
and Kaisin, S. S.
and Bizyaev, D. V.",
title="BVRI surface photometry of the galaxy NGC 3726",
journal="Astronomy Reports",
volume="46",
year="2002",
number="9",
pages="704--711",
abstract="We present BVRI surface photometry of the late-type spiral galaxy NGC 3627. The distributions of the color indices and extinction-independent Q indices show that the observed photometric asymmetry in the inner part of the galaxy, including the bar, is due to an asymmetric distribution of absorbing material. The bluest regions of star formation are located in a ring surrounding the bar. The background-subtracted color indices of individual blue knots are used to estimate the ages of young stellar aggregates. In combination with previously published photometric data, our measurements indicate that the R-band profile of the disk is rather flat in its inner part (r<50{\textacutedbl}) and becomes steeper further from its center. We estimate the mass of the disk and dark halo by decomposing the rotation curve. The mass-to-light ratio M/L                                  B                 for the stellar disk is ≈1.4. The galaxy possesses a massive dark halo; however, the mass of the disk exceeds that of the halo in the inner part of the galaxy, which displays a regular spiral structure.",
issn="1562-6881",
doi="10.1134/1.1508062",
url="http://dx.doi.org/10.1134/1.1508062"
}
@ARTICLE{2014Hague,
   author = {{Hague}, P.~R. and {Wilkinson}, M.~I.},
    title = "{Dark matter in disc galaxies - II. Density profiles as constraints on feedback scenarios}",
  journal = {\mnras},
archivePrefix = "arXiv",
   eprint = {1404.7382},
 keywords = {galaxies: formation, galaxies: haloes, galaxies: kinematics and dynamics, galaxies: spiral, galaxies: structure, dark matter},
     year = 2014,
    month = oct,
   volume = 443,
    pages = {3712-3727},
      doi = {10.1093/mnras/stu1376},
   adsurl = {http://adsabs.harvard.edu/abs/2014MNRAS.443.3712H},
  adsnote = {Provided by the SAO/NASA Astrophysics Data System}
}
@ARTICLE{Chatterjee,
  AUTHOR =       {Chatterjee, T. },
  TITLE =        {Potential and force due to thin disk and spherical galaxies},
  JOURNAL =      {Ap\&SS},
  YEAR =         {1987},
  VOLUME =    {139},
  PAGES =     {243},
}
@ARTICLE{2012Annika,
   author = {{Peter}, A.~H.~G.},
    title = "{Dark Matter: A Brief Review}",
  journal = {ArXiv e-prints},
archivePrefix = "arXiv",
   eprint = {1201.3942},
 primaryClass = "astro-ph.CO",
 keywords = {Astrophysics - Cosmology and Extragalactic Astrophysics},
     year = 2012,
    month = jan,
   adsurl = {http://adsabs.harvard.edu/abs/2012arXiv1201.3942P},
  adsnote = {Provided by the SAO/NASA Astrophysics Data System}
}
@ARTICLE{2012Jalocha,
   author = {{Ja{\l}ocha}, J. and {Bratek}, {\L}. and {P{\`E}{\copy}kala}, J. and {Kutschera}, M.},
    title = "{The role of large-scale magnetic fields in galaxy NGC 891: can magnetic fields help to reduce the local mass-to-light ratio in the galactic outskirts?}",
  journal = {\mnras},
archivePrefix = "arXiv",
   eprint = {1111.6417},
 primaryClass = "astro-ph.GA",
 keywords = {galaxies: individual: NGC 891, galaxies: kinematics and dynamics, galaxies: magnetic fields, galaxies: spiral, galaxies: structure},
     year = 2012,
    month = apr,
   volume = 421,
    pages = {2155-2160},
      doi = {10.1111/j.1365-2966.2012.20447.x},
   adsurl = {http://adsabs.harvard.edu/abs/2012MNRAS.421.2155J},
  adsnote = {Provided by the SAO/NASA Astrophysics Data System}
}@ARTICLE{2009Yin,
   author = {{Yin}, J. and {Hou}, J.~L. and {Prantzos}, N. and {Boissier}, S. and 
	{Chang}, R.~X. and {Shen}, S.~Y. and {Zhang}, B.},
    title = "{Milky Way versus Andromeda: a tale of two disks}",
  journal = {AAP},
archivePrefix = "arXiv",
   eprint = {0906.4821},
 keywords = {Galaxy: disk, Galaxy: formation, galaxies: evolution, Local Group, galaxies: individual: M 31, galaxies: abundances},
     year = 2009,
    month = oct,
   volume = 505,
    pages = {497-508},
      doi = {10.1051/0004-6361/200912316},
   adsurl = {http://adsabs.harvard.edu/abs/2009A%26A...505..497Y},
  adsnote = {Provided by the SAO/NASA Astrophysics Data System}
}
@ARTICLE{Cor03,
  AUTHOR =       {Corbelli,  E. },
  TITLE =        {Dark Matter and Visible Baryons in M33},
  JOURNAL =      {MNRAS},
  YEAR =         {2003},
  VOLUME =    {342},
  PAGES =     {199},
}
@ARTICLE{CoSa00,
  AUTHOR =       {Corbelli,  E. and Salucci, P.},
  TITLE =        {The extended rotation curve and the dark matter halo of M33},
  JOURNAL =      {MNRAS},
  YEAR =         {2000},
  VOLUME =    {311},
  PAGES =     {441},
} 
@ARTICLE{Frat1,
  AUTHOR =       {Fraternali, F. and Sancisi, R. and and Kamphuis, P.},
  TITLE =        {A tale of two galaxies, light and mass NGC 891 and NGC 7814},
  JOURNAL =      {A\&A},
  YEAR =         {2011},
  VOLUME =    { http://arxiv.org/abs/1105.3867}, 
}
@ARTICLE{Gent,
  AUTHOR =   {G. Gentile and B. Farnaey and W.J.G. de Blok},
  TITLE =        {THINGS about MOND},
  JOURNAL =  {A\&A},
  YEAR =         {2011},
  VOLUME =    {527},
  PAGES =     {A76},
}
@ARTICLE{Bell,
  AUTHOR =  {Bell, R. F. and   de Jong, R.S.},
  TITLE =        {HI rotation curves of spiral galaxies I. NGC 3198},
  JOURNAL =  {ApJ},
  YEAR =         {2001},
  VOLUME =    {550},
  PAGES =     {212},
}
@ARTICLE{Bergh,
  AUTHOR ={van den Bergh, S.},
  TITLE =        {HI rotation curves of spiral galaxies I. NGC 3198},
  JOURNAL =      {ApJ},
  YEAR =         {1997},
  VOLUME =    {113},
  PAGES =     {2054},
}
@ARTICLE{Bege,
  AUTHOR =   {Begeman, K.G.},
  TITLE =        {HI rotation curves of spiral galaxies I. NGC 3198},
  JOURNAL =  {A\&A},
  YEAR =         {1989},
  VOLUME =    {223},
  PAGES =     {47}
} 
@ARTICLE{Kroupa,
   author = {Kroupa, P.},
    title = "{On the variation of the initial mass function}",
  journal = {MNRAS},
   eprint = {astro-ph/0009005},
 keywords = {BINARIES: GENERAL, STARS: FORMATION, STARS: KINEMATICS, STARS: LUMINOSITY FUNCTION, MASS FUNCTION, GLOBULAR CLUSTERS: GENERAL, OPEN CLUSTERS AND ASSOCIATIONS: GENERAL},
     year = 2001,
    month = apr,
   volume = 322,
    pages = {231-246},
      doi = {10.1046/j.1365-8711.2001.04022.x},
   adsurl = {http://adsabs.harvard.edu/abs/2001MNRAS.322..231K},
  adsnote = {Provided by the SAO/NASA Astrophysics Data System}
}
@ARTICLE{Salpeter,
   author = {Salpeter, E.~E.},
    title = "{The Luminosity Function and Stellar Evolution.}",
  journal = {ApJ},
     year = 1955,
    month = jan,
   volume = 121,
    pages = {161},
      doi = {10.1086/145971},
   adsurl = {http://adsabs.harvard.edu/abs/1955ApJ...121..161S},
  adsnote = {Provided by the SAO/NASA Astrophysics Data System}
}
@ARTICLE{Puche,
   author = {Carignan, C. and Puche, D.},
    title = "{H I studies of the Sculptor group galaxies. II - NGC 7793}",
  journal = {AJ},
 keywords = {Dark Matter, Galactic Mass, H I Regions, Interstellar Gas, Very Large Array (Vla), Halos, Mass Distribution, Milky Way Galaxy, Velocity Distribution},
     year = 1990,
    month = aug,
   volume = 100,
    pages = {394-402},
      doi = {10.1086/115523},
   adsurl = {http://adsabs.harvard.edu/abs/1990AJ....100..394C},
  adsnote = {Provided by the SAO/NASA Astrophysics Data System}
}
@ARTICLE{Toky,
   author = {Randriamampandry, T.~H. and Carignan, C.},
    title = "{Galaxy mass models: MOND versus dark matter haloes}",
  journal = {MNRAS},
archivePrefix = "arXiv",
   eprint = {1401.5619},
 primaryClass = "astro-ph.GA",
 keywords = {galaxies: dwarf, galaxies: kinematics and dynamics, galaxies: spiral, galaxies: structure, dark matter},
     year = 2014,
    month = apr,
   volume = 439,
    pages = {2132-2145},
      doi = {10.1093/mnras/stu100},
   adsurl = {http://adsabs.harvard.edu/abs/2014MNRAS.439.2132R},
  adsnote = {Provided by the SAO/NASA Astrophysics Data System}
}
@ARTICLE{1985ApJ...299...59C,
   author = {Carignan, C.},
    title = "{Light and mass distribution of the Magellanic-type spiral NGC 3109}",
  journal = {ApJ},
 keywords = {Astronomical Photometry, Galactic Structure, Mass To Light Ratios, Spiral Galaxies, Dwarf Galaxies, Galactic Rotation, Hydrogen Clouds, Magnitude, Mass Distribution},
     year = 1985,
    month = dec,
   volume = 299,
    pages = {59-73},
      doi = {10.1086/163682},
   adsurl = {http://adsabs.harvard.edu/abs/1985ApJ...299...59C},
  adsnote = {Provided by the SAO/NASA Astrophysics Data System}
}
@article{deBlok:1997ut,
      author         = "de Blok, W.J.G. and McGaugh, S.S.",
      title          = "{The Dark and visible matter content of low surface
                        brightness disk galaxies}",
      journal        = "MNRAS.",
      volume         = "290",
      pages          = "533-552",
      doi            = "10.1093/mnras/290.3.533",
      year           = "1997",
      eprint         = "astro-ph/9704274",
      archivePrefix  = "arXiv",
      primaryClass   = "astro-ph",
      SLACcitation   = " ",
}
@article{Walter,
      author         = "Walter, F. and Brinks, E. and de Blok, W.J.G. and Bigiel,
                        F. and Kennicutt, R.C. and others",
      title          = "{THINGS: The HI Nearby Galaxy Survey}",
      journal        = "AJ",
      volume         = "136",
      pages          = "2563-2647",
      doi            = "10.1088/0004-6256/136/6/2563",
      year           = "1985",
      eprint         = "0810.2125",
      archivePrefix  = "arXiv",
      primaryClass   = "astro-ph",
      SLACcitation   = " ",
}
@PHDTHESIS{BegeTH,
   AUTHOR  = {Begeman, K.G.},
   TITLE   = { HI rotation curves of spiral galaxies},  
   SCHOOL  = {University of Groningen, Rijksuniversiteit Groningen},
   YEAR    = {1987}
}
@ARTICLE{Bosma,
   AUTHOR  = {Bosma, A.},
   TITLE   = {The distribution and kinematics of neutral hydrogen in spiral galaxies of various morphological types},  
   YEAR    = {1981},
   JOURNAL = {AJ},
   VOLUME  = {86},
   PAGES   = {1791}
}
@PHDTHESIS{Bosma78,
   author = {{Bosma}, A.},
    title = "{The distribution and kinematics of neutral hydrogen in spiral galaxies of various morphological types}",
 keywords = {NEUTRAL HYDROGEN, GAS DISTRIBUTION, SPIRAL GALAXIES},
   school = {PhD Thesis, Groningen Univ., (1978)},
     year = 1978,
   adsurl = {http://adsabs.harvard.edu/abs/1978PhDT.......195B},
  adsnote = {Provided by the SAO/NASA Astrophysics Data System}
}
@article{Bott3992,
      author      = "Bottema, Roelof and Verheijen, Marc A.W.",
      title          = "{Dark and luminous matter in the ngc 3992 group of
                        galaxies, I. the large barred spiral ngc 3992}",
     JOURNAL =      {AA},
      year           = "2002",
     VOLUME  = "388",
     pages  = "793-808",
     doi   = " 10.1051/0004-6361:20020539", 
}
@ARTICLE{HubbleCepheid,
   author = {{Freedman}, W.~L. and {Madore}, B.~F. and {Gibson}, B.~K. and 
	{Ferrarese}, L. and {Kelson}, D.~D. and {Sakai}, S. and {Mould}, J.~R. and 
	{Kennicutt}, Jr., R.~C. and {Ford}, H.~C. and {Graham}, J.~A. and 
	{Huchra}, J.~P. and {Hughes}, S.~M.~G. and {Illingworth}, G.~D. and 
	{Macri}, L.~M. and {Stetson}, P.~B.},
    title = "{Final Results from the Hubble Space Telescope Key Project to Measure the Hubble Constant}",
  journal = {ApJ},
   eprint = {astro-ph/0012376},
 keywords = {Stars: Variables: Cepheids, Cosmology: Observations, Cosmology: Distance Scale, Galaxies: Distances and Redshifts},
     year = 2001,
    month = may,
   volume = 553,
    pages = {47-72},
      doi = {10.1086/320638},
   adsurl = {http://adsabs.harvard.edu/abs/2001ApJ...553...47F},
  adsnote = {Provided by the SAO/NASA Astrophysics Data System}
}
@article{Widrow,
      author         = "Widrow, Lawrence M. and Perrett, Kathryn M. and Suyu,
                        Sherry H.",
      title          = "{Disk-bulge-halo models for the andromeda galaxy}",
      journal        = "AJ",
      volume         = "588",
      pages          = "311-325",
      doi            = "10.1086/368410",
      year           = "2003",
      eprint         = "astro-ph/0301144",
      archivePrefix  = "arXiv",
      primaryClass   = "astro-ph",
      SLACcitation   = " ",
}
@ARTICLE{1989Kent,
   author = {{Kent}, S.~M.},
    title = "{A comparison of optical and H I rotation curves in M 31}",
  journal = {PASP},
 keywords = {Andromeda Galaxy, Astronomical Spectroscopy, Galactic Rotation, H Ii Regions, H Lines, Hydrogen, Radio Observation, Reflecting Telescopes, Visual Observation},
     year = 1989,
    month = may,
   volume = 101,
    pages = {489-493},
      doi = {10.1086/132457},
   adsurl = {http://adsabs.harvard.edu/abs/1989PASP..101..489K},
  adsnote = {Provided by the SAO/NASA Astrophysics Data System}
}
@ARTICLE{Heald,
   author = {{Heald}, G. and {J{\'o}zsa}, G. and {Serra}, P. and {Zschaechner}, L. and 
	{Rand}, R. and {Fraternali}, F. and {Oosterloo}, T. and {Walterbos}, R. and 
	{J{\"u}tte}, E. and {Gentile}, G.},
    title = "{The Westerbork Hydrogen Accretion in LOcal GAlaxieS (HALOGAS) survey. I. Survey description and pilot observations}",
  journal = {AA},
archivePrefix = "arXiv",
   eprint = {1012.0816},
 primaryClass = "astro-ph.CO",
 keywords = {galaxies: spiral, galaxies: evolution, galaxies: ISM, galaxies: halos, galaxies: kinematics and dynamics},
     year = 2011,
    month = feb,
   volume = 526,
      eid = {A118},
    pages = {A118},
      doi = {10.1051/0004-6361/201015938},
   adsurl = {http://adsabs.harvard.edu/abs/2011A },
  adsnote = {Provided by the SAO/NASA Astrophysics Data System}
}
@ARTICLE{BelldYong,
   author = {Bell, E.~F. and de Jong, R.~S.},
    title = "{Stellar Mass-to-Light Ratios and the Tully-Fisher Relation}",
  journal = {ApJ},
   eprint = {astro-ph/0011493},
 keywords = {ISM: Dust, Extinction, Galaxies: Evolution, Galaxies: Kinematics and Dynamics, Galaxies: Spiral, Galaxies: Stellar Content},
     year = 2001,
    month = mar,
   volume = 550,
    pages = {212-229},
      doi = {10.1086/319728},
   adsurl = {http://adsabs.harvard.edu/abs/2001ApJ...550..212B},
  adsnote = {Provided by the SAO/NASA Astrophysics Data System}
}
@ARTICLE{Zwick,
  AUTHOR =   {Zwicky, F.},
  TITLE =        {On the Masses of Nebulae and of Clusters of Nebulae},
  JOURNAL =   {ApJ},
  YEAR =         {1937},
  VOLUME =    {86},
  PAGES =     {217}
}
@ARTICLE{BP00,
   AUTHOR  = {Afanasiev,  V.L. and Sil`Chenko, O.K.},
   TITLE   = {Complex Formation History of the Lenticular Galaxies with Stellar Counterrotation: NGC 4138 and NGC 4550},  
   YEAR    = {2002},
   JOURNAL = {ApJ},
   VOLUME  = {124},
   PAGES   = {706}
}
@ARTICLE{Asaoka,
   AUTHOR  = {Asaoka,  I.},
   TITLE   = {New Solar Opacities, Abundances, Helioseismology, and Neutrino Fluxes},  
   YEAR    = {1989},
   JOURNAL = {PASJ},
   VOLUME  = {41},
   PAGES   = {763}
}  
@ARTICLE{Batt1,
   AUTHOR  = {Battaglia, G. and  Fraternali, F. and  Oosterloo, T. and and Sancisi, R.},
   TITLE   = {HI study of the warped spiral galaxy NGC 5055: a disk/dark matter halo offset?},  
   YEAR    = {2006},
   JOURNAL = {A\& A},
   VOLUME  = {447},
   PAGES   = {49}
}
@ARTICLE{Maria1,
   author = {Gentile, G. and J{\'o}zsa, G.~I.~G. and Serra, P. and 
	Heald, G.~H. and de Blok, W.~J.~G. and Fraternali, F. and 
	Patterson, M.~T. and Walterbos, R.~A.~M. and Oosterloo, T.
	},
    title = "{HALOGAS: Extraplanar gas in NGC 3198}",
  journal = {A\&A},
archivePrefix = "arXiv",
   eprint = {1304.4232},
 primaryClass = "astro-ph.CO",
 keywords = {galaxies: halos, galaxies: ISM, galaxies: kinematics and dynamics, galaxies: individual:, galaxies: structure},
     year = 2013,
    month = jun,
   volume = 554,
      eid = {A125},
    pages = {A125},
      doi = {10.1051/0004-6361/201321116},
   adsurl = {http://adsabs.harvard.edu/abs/2013A26A...554A.125G},
  adsnote = {Provided by the SAO/NASA Astrophysics Data System}
}
@article{BaskalKim,
  author={S Baskal and Y S Kim},
  title={Rotations associated with Lorentz boosts},
  journal={Journal of Physics A: Mathematical and General},
  volume={38},
  number={29},
  pages={6545},
  url={http://stacks.iop.org/0305-4470/38/i=29/a=009},
  year={2005}
}
@article{SofRub,
 author = {Sofue, Y. and Rubin,  V.  },
  title = {Rotation Curves of Spiral Galaxies},
  year = { 2001},
   JOURNAL = {ARAA},
  VOLUME  = {39},
 PAGES   = {137}
}
@ARTICLE{2011Doelman,
      author         = "Broderick, Avery E. and Fish, Vincent L. and Doeleman,
                        Sheperd S. and Loeb, Abraham",
      title          = "{Evidence for Low Black Hole Spin and Physically
                        Motivated Accretion Models from Millimeter VLBI
                        Observations of Sagittarius A*}",
      journal        = "Astrophys.J.",
      volume         = "735",
      pages          = "110",
      doi            = "10.1088/0004-637X/735/2/110",
      year           = "2011",
      eprint         = "1011.2770",
      archivePrefix  = "arXiv",
      primaryClass   = "astro-ph.HE",
      SLACcitation   = " ",
}
@ARTICLE{EventHorizon,
      author         = "Lacroix, Thomas and Silk, Joseph",
      title          = "{Constraining the distribution of dark matter at the
                        Galactic Centre using the high-resolution Event Horizon
                        Telescope}",
      journal        = "AA",
      volume         = "A36",
      doi            = "10.1051/0004-6361/201220753",
      year           = "2013",
      eprint         = "1211.4861",
      archivePrefix  = "arXiv",
      primaryClass   = "astro-ph.GA",
      SLACcitation   = " ",
}
@book{chandra,
  author =  {Chandrasekhar,  S.},
  title =  {The Mathematical Theory of Black
Holes},
  year = {1983},
  publisher = {Oxford University Press, New York, NY}
} 
@book{Hartle,
  author =  {Hartle,  J.B.},
  title =  {Gravity},
  year = {2003},
  publisher = {Addison-Wesley} 
} 
@BOOK{MTW,
   author = {{Misner}, C.~W. and {Thorne}, K.~S. and {Wheeler}, J.~A.},
    title = {Gravitation},
booktitle = {San Francisco: W.H.~Freeman and Co., 1973},
     year = 1973,
   adsurl = {http://adsabs.harvard.edu/abs/1973grav.book.....M},
  adsnote = {Provided by the SAO/NASA Astrophysics Data System}
}
 
@book{Vauc,
  author = {de Vaucouleurs, G.},
  title = {Second Reference Catalogue of Bright Galaxies},
  year = { 1976},
  publisher = {University of Texas Press, Austin, TX, USA}
}  
@book{Weyl,
  author = {Einstein,   A. and Lorentz, H. A. and  Minkowski, H.  and  Weyl, H.},
  title = {The Principle of Relativity},
  year = {1923},
  publisher = {Dover Publications}
} 
@book{oneill,
  author = {B.~O'Neill},
  title = {The Geometry of Kerr Black Holes},
  year = {1995},
  publisher = {A.~K.~Peters, Wellesley, MA, USA}
} 
@book{Fowles,
  author = {Fowles, G. and Cassidy, G.},
  title = {Analytical Mechanics},
  year = {2005},
  publisher = {Thomson Brooks and Cole: Belmont, CA, USA},
  edition = {7th}
}
@book{HRD,
  author = {Smith, R.},
  title = {Observational Astrophysics},
  year = {1995},
  publisher = { Cambridge University Press, Cambridge, UK}
}
@inproceedings{PSS,
title = {},
  author = {Persic, M. and Salucci, P.},
  BOOKTITLE = {Dark and visible matter in Galaxies},
  year = 1997,
  organization = {ASP Conference Series 117, 1} 
} 
@article{Pierce,
      author         = "Pierce, M.J. and Welch, D.L. and McClure, R.D. and van
                        den Bergh, S. and Racine, R. and others",
      title          = "{The Hubble constant and Virgo cluster distance from
                        observations of Cepheid variables}",
      journal        = "Nature",
      volume         = "371",
      pages          = "385-389",
      doi            = "10.1038/371385a0",
      year           = "1994",
      SLACcitation   = " ",
}
@ARTICLE{Tully,
   author = {{Tully}, R.~B. and {Pierce}, M.~J.},
    title = "{Distances to Galaxies from the Correlation between Luminosities and Line Widths. III. Cluster Template and Global Measurement of H$_{0}$}",
  journal = {ApJ},
   eprint = {astro-ph/9911052},
 keywords = {COSMOLOGY: DISTANCE SCALE, GALAXIES: DISTANCES AND REDSHIFTS, GALAXIES: FUNDAMENTAL PARAMETERS},
     year = 2000,
    month = apr,
   volume = 533,
    pages = {744-780},
      doi = {10.1086/308700},
   adsurl = {http://adsabs.harvard.edu/abs/2000ApJ...533..744T},
  adsnote = {Provided by the SAO/NASA Astrophysics Data System}
}
@article{giraud2000universal1,
  title={A universal coupling relation between luminous and dark matter surface densities in disk rotating galaxies},
  author={Giraud, Edmond},
  journal={AJ},
  volume={531},
  number={2},
  pages={701},
  year={2000},
  publisher={IOP Publishing}
}
@article{Dicaire1,
title={Deep Fabry-Perot Halpha Observations of NGC 7793: a Very
                        Extended Halpha Disk and a Truly Declining Rotation
                        Curve},
  author={Dicaire, I. and Carignan, C. and Amram, P. and Marcelin,
                        M. and Hlavacek-Larrondo, J.},
  journal={AJ},
  volume={135}, 
  year={2008},
  SLACcitation   = "CITATION = ARXIV:0802.2545",
}
@article{Saglia, 
   author = {Saglia, R.~P. and Fabricius, M. and Bender, R. and Montalto, M. and 
	Lee, C.-H. and Riffeser, A. and Seitz, S. and Morganti, L. and 
	Gerhard, O. and Hopp, U.},
    title = "{The old and heavy bulge of M 31 . I. Kinematics and stellar populations}",
  journal = {AA},
archivePrefix = "arXiv",
   eprint = {0910.5590},
 primaryClass = "astro-ph.CO",
 keywords = {galaxies: kinematics and dynamics, galaxies: individual: M 31, galaxies: stellar content},
     year = 2010,
    month = jan,
   volume = 509,
      eid = {A61},
    pages = {A61},
      doi = {10.1051/0004-6361/200912805},
   adsurl = {http://adsabs.harvard.edu/abs/2010A26A...509A..61S},
  adsnote = {Provided by the SAO/NASA Astrophysics Data System}
}
@article{mcgaugh1998testing,
  title={Testing the hypothesis of modified dynamics with low surface brightness galaxies and other evidence},
  author={McGaugh, Stacy S and De Blok, WJG},
  journal={ApJ},
  volume={499},
  number={1},
  pages={66},
  year={1998},
  publisher={IOP Publishing}
}
@article{Mannheim,
title = "{Galactic rotation curves in conformal gravity}",
  author = {Mannheim, P. and O'Brien, J.},
  journal = {Journal of Physics: Conference Series  437 (2013) 012002},
  year = 1997,
  organization = {IOP Publishing} 
}
@article{Rahvar,
author  = "Rahvar, S.. and  Mashoon, B.",
title = "Observational Tests of Nonlocal Gravity: Galaxy Rotation Curves and Clusters of Galaxies",
year = 2014,
journal = "arXiv:1401.4819v1" 
} 
@article{JNav,
author  = "Navarro,  J.F.",
title = "{The Cosmological Significance of Disk Galaxy Rotation Curves}",
year = "1998",
journal = "arxiv:astro-ph/9807084" 
}  
@article{Oosterloo:2007se,
      author         = "Oosterloo, Tom and Fraternali, Filippo and Sancisi,
                        Renzo",
      title          = "{The cold gaseous halo of NGC 891}",
      journal        = "Astron.J.",
      volume         = "134",
      pages          = "1019-1036",
      doi            = "10.1086/520332",
      year           = "2007",
      eprint         = "0705.4034",
      archivePrefix  = "arXiv",
      primaryClass   = "astro-ph",
      SLACcitation   = "",
}
@article{Radosz,
      author         = "Radosz, Andrzej and Augousti, Andy T. and Siwek, Alicja",
      title          = "{On the nature of cosmological redshift and spectral
                        shift in Schwarzschild-like and other spacetimes}",
      journal        = "Gen.Rel.Grav.",
      volume         = "45",
      pages          = "705-715",
      doi            = "10.1007/s10714-012-1495-4",
      year           = "2013",
      SLACcitation   = " ",
}
@article{DAMA,
      author         = "Bernabei, R. and others",
      title          = "{New results from DAMA/LIBRA}",
      collaboration  = "DAMA Collaboration, LIBRA Collaboration",
      journal        = "Eur.Phys.J.",
      volume         = "C67",
      pages          = "39-49",
      doi            = "10.1140/epjc/s10052-010-1303-9",
      year           = "2010",
      eprint         = "1002.1028",
      archivePrefix  = "arXiv",
      primaryClass   = "astro-ph.GA",
      SLACcitation   = " ",
}
@article{CoGeNT,
      author         = "Aalseth, C.E. and others",
      title          = "{CoGeNT: A Search for Low-Mass Dark Matter using p-type
                        Point Contact Germanium Detectors}",
      collaboration  = "CoGeNT Collaboration",
      journal        = "Phys.Rev.",
      volume         = "D88",
      pages          = "012002",
      doi            = "10.1103/PhysRevD.88.012002",
      year           = "2013",
      eprint         = "1208.5737",
      archivePrefix  = "arXiv",
      primaryClass   = "astro-ph.CO",
      SLACcitation   = " ",
}
@article{CDMS,
      author         = "Agnese, R. and others",
      title          = "{Dark Matter Search Results Using the Silicon Detectors
                        of CDMS II}",
      collaboration  = "CDMS Collaboration",
      journal        = "Phys.Rev.Lett.",
      year           = "2013",
      eprint         = "1304.4279",
      archivePrefix  = "arXiv",
      primaryClass   = "hep-ex",
      reportNumber   = "FERMILAB-PUB-13-104-AE-E",
      SLACcitation   = " ",
}
@article{XENON,
      author         = "Angle, J. and others",
      title          = "{First Results from the XENON10 Dark Matter Experiment at
                        the Gran Sasso National Laboratory}",
      collaboration  = "XENON Collaboration",
      journal        = "Phys.Rev.Lett.",
      volume         = "100",
      pages          = "021303",
      doi            = "10.1103/PhysRevLett.100.021303",
      year           = "2008",
      eprint         = "0706.0039",
      archivePrefix  = "arXiv",
      primaryClass   = "astro-ph",
      SLACcitation   = " ",
}   
@ARTICLE{Walt87,
  AUTHOR =  {Walterbos, R. A. M. and Kennicutt, R. C.},
  TITLE =        {},
  JOURNAL =      {AA},
  YEAR =         {1987}, 
 VOLUME =    {69},
  PAGES =     {311}
}   
@ARTICLE{Walt88,
  AUTHOR =  {Walterbos, R. A. M. and Kennicutt, R. C.},
  TITLE =        {},
  JOURNAL =      {AA},
  YEAR =         {1988}, 
 VOLUME =    {198},
  PAGES =     {61}
} 
@ARTICLE{SanMcGa1,
  AUTHOR =       {Sanders, R.H. and  McGaugh, S.S.},
  TITLE =        {MODIFIED NEWTONIAN DYNAMICS AS AN ALTERNATIVE TO DARK MATTER},
  JOURNAL =      {ARAA},
  YEAR =         {2002}, 
 VOLUME =    {40},
  PAGES =     {263}
}  
@article{Gianfranco,
      author         = "Bertone, Gianfranco and Hooper, Dan and Silk, Joseph",
      title          = "{Particle dark matter: Evidence, candidates and
                        constraints}",
      journal        = "Phys.Rept.",
      volume         = "405",
      pages          = "279-390",
      doi            = "10.1016/j.physrep.2004.08.031",
      year           = "2005",
      eprint         = "hep-ph/0404175",
      archivePrefix  = "arXiv",
      primaryClass   = "hep-ph",
      reportNumber   = "FERMILAB-PUB-04-047-A",
      SLACcitation   = " ",
}   
 @ARTICLE{MaJ,
  AUTHOR =    {MA Jun},
  TITLE =        {Structure and Inclination Angle of the Spiral Galaxy M31},
  JOURNAL =  { Chinese Phys. Lett.},
  YEAR =         {2001}, 
 VOLUME =    {18},
  PAGES =     {1420}
}
@ARTICLE{PS88,
  AUTHOR =    {Persic, M. and Salucci,  P.},
  TITLE =        {},
  JOURNAL = {MNRAS},
  YEAR =         {1988}, 
 VOLUME =    {234},
  PAGES =     {131}
}
@ARTICLE{PS90,
  AUTHOR =    {Persic, M. and Salucci,  P.},
  TITLE =        {},
  JOURNAL = {MNRAS},
  YEAR =         {1990}, 
 VOLUME =    {245},
  PAGES =     {577}
}
@ARTICLE{Salucci2000,
  AUTHOR =    {Salucci,  P. and Burkert, A.},
  TITLE =        {Dark Matter Scaling Relations},
  JOURNAL = {ApJ},
  YEAR =         {2000}, 
 VOLUME =    {537},
  PAGES =     {L9-L12}
} 
@article{TullyFisher2002,
  author={B. L. Ziegler and A. Böhm and K. J. Fricke and K. Jäger and H. Nicklas and R. Bender and N. Drory and A. Gabasch and R. P. Saglia and S.
Seitz and J. Heidt and D. Mehlert and C. Möllenhoff and S. Noll and E. Sutorius},
  title={The Evolution of the Tully-Fisher Relation of Spiral Galaxies},
  journal={The Astrophysical Journal Letters},
  volume={564},
  number={2},
  pages={L69},
  url={http://stacks.iop.org/1538-4357/564/i=2/a=L69},
  year={2002},
  abstract={We present the B -band Tully-Fisher relation (TFR) of 60 late-type galaxies with redshifts 0.1-1. The galaxies were selected from the FORS Deep Field with a limiting magnitude of R = 23. Spatially resolved rotation curves were derived from spectra obtained with FORS2 at the Very Large Telescope. High-mass galaxies with v max ##IMG## [http://ej.iop.org/icons/Entities/gtrsim.gif] {gtrsim} 150 km s -1 show little evolution, whereas the least massive systems in our sample are brighter by ~1-2 mag compared with their local counterparts. For the entire distant sample, the TFR slope is flatter than for local field galaxies (-5.77 ± 0.45 vs. -7.92 ± 0.18). Thus, we find evidence for the evolution of the slope of the TFR with redshift on the 3 σ level. This is still true when we subdivide the sample into three redshift bins. We speculate that the flatter tilt of our sample is caused by the evolution of luminosities and an additional population of blue galaxies at z ##IMG## [http://ej.iop.org/icons/Entities/gtrsim.gif] {gtrsim} 0.2. The mass dependence of the TFR evolution also leads to variations for different galaxy types in magnitude-limited samples, suggesting that selection effects can account for the discrepant results of previous TFR studies on the luminosity evolution of late-type galaxies.}
}
@INBOOK{Sofue,
   author = {{Sofue}, Y.},
    title = "{Mass Distribution and Rotation Curve in the Galaxy}",
 keywords = {Physics},
booktitle = {Planets, Stars and Stellar Systems.~Volume 5: Galactic Structure and Stellar Populations},
     year = 2013,
   publisher = {Oswalt, T.~D. and Gilmore, G.},
    pages = {985},
      doi = {10.1007/978-94-007-5612-019},
   adsurl = {http://adsabs.harvard.edu/abs/2013pss5.book..985S},
  adsnote = {Provided by the SAO/NASA Astrophysics Data System}
}
@ARTICLE{Carig90, 
   author = {Carignan, C. and Charbonneau, P. and Boulanger, F. and 
	Viallefond, F.},
    title = "{Observational study of the spiral galaxy NGC 6946. II - H I kinematics and mass distribution}",
  journal = {AA},
 keywords = {Galactic Structure, H I Regions, Mass Distribution, Spiral Galaxies, Galactic Rotation, Halos, Radio Galaxies, Spatial Distribution, Very Large Array (Vla)},
     year = 1990,
    month = aug,
   volume = 234,
    pages = {43-52},
   adsurl = {http://adsabs.harvard.edu/abs/1990A}, 
}
@ARTICLE{San96,
  AUTHOR =  {Sanders, R.H.},
  TITLE =        {The published extended rotation curves of spiral
                        galaxies: confrontation with modified dynamics},
  JOURNAL =   {ApJ},
  YEAR =         {1996}, 
 VOLUME =    {473},
  PAGES =     {117}
} 
@ARTICLE{Milgrom,
   author = {{Milgrom}, M.},
    title = "{A modification of the Newtonian dynamics - Implications for galaxies}",
  journal = {ApJ},
 keywords = {Galactic Structure, Newton Theory, Stellar Motions, Angular Velocity, Disk Galaxies, Elliptical Galaxies, Galactic Rotation, Mass Distribution, Milky Way Galaxy, Oort Cloud},
     year = 1983,
    month = jul,
   volume = 270,
    pages = {371-389},
      doi = {10.1086/161131},
   adsurl = {http://adsabs.harvard.edu/abs/1983ApJ...270..371M},
  adsnote = {Provided by the SAO/NASA Astrophysics Data System}
} 
@ARTICLE{NFW,
  AUTHOR =       {Navarro,  J.F. and Frenk, C. and White, S.},
  TITLE =        {The Structure of Cold Dark Matter Halos},
  JOURNAL = {ApJ},
  YEAR =         {1997}, 
 VOLUME =    {462},
  PAGES =     {563}
}
@ARTICLE{Ver02,
  AUTHOR =   {R. Sanders  and S. McGaugh},
  TITLE =        {Modified Newtonian Dynamics as an Alternative to Dark Matter},
  JOURNAL = {ARAA},
  YEAR =         {2002}, 
 VOLUME =   {40},
  PAGES =     {263},
} 
@article{Ver98,
      author         = {Sanders, R.H. and Verheijen, M.A.W.},
      title          = {Rotation curves of Uma galaxies in the context of
                        modified newtonian dynamics},
      journal        = {AJ},
      volume         = "503",
      pages          = "97",
      doi            = "10.1086/305986",
      year           = "1998",
      eprint         = "astro-ph/9802240",
      archivePrefix  = "arXiv",
      primaryClass   = "astro-ph",
      SLACcitation   = " ",
}
@article{Epinat2008,
author = {Epinat, B. and Amram, P. and Marcelin, M.}, 
title = {GHASP: an Hα kinematic survey of 203 spiral and irregular galaxies – VII. Revisiting the analysis of Hα data cubes for 97 galaxies},
volume = {390}, 
number = {2}, 
pages = {466-504}, 
year = {2008}, 
doi = {10.1111/j.1365-2966.2008.13796.x},  
URL = {http://mnras.oxfordjournals.org/content/390/2/466.abstract}, 
eprint = {http://mnras.oxfordjournals.org/content/390/2/466.full.pdf+html}, 
journal = {Monthly Notices of the Royal Astronomical Society} 
} 
@ARTICLE{Seigar11,
      author         = "Seigar, Marc S.",
      title          = "{The dark matter halo density profile, spiral arm
                        morphology and black hole mass of M33}",
      journal        = "ISRN Astron.Astrophys.",
      volume         = "2011",
      pages          = "725697",
      doi            = "10.1155/2011/725697",
      year           = "2011",
      eprint         = "1103.3200",
      archivePrefix  = "arXiv",
      primaryClass   = "astro-ph.CO",
      SLACcitation   = " ",
} 
@ARTICLE{Sof81,
   author = {Sofue, Y. and Kato, T.},
    title = "{Neutral Hydrogen in M31 - Part One - the Distribution of HI Gas and Spiral Arms}",
  journal = {PASJ},
     year = 1981,
   volume = 33,
    pages = {449},
   adsurl = {http://adsabs.harvard.edu/abs/1981PASJ...33..449S},
  adsnote = {Provided by the SAO/NASA Astrophysics Data System}
}
@article{ISO,
      author         = {Kamionkowski, M. and Kinkhabwala, A.},
      title          = "{Galactic halo models and particle dark matter
                        detection}",
      journal        = "Phys.Rev.",
      volume         = "D57",
      pages          = "3256-3263",
      doi            = "10.1103/PhysRevD.57.3256",
      year           = "1998",
      eprint         = "hep-ph/9710337",
      archivePrefix  = "arXiv",
      primaryClass   = "hep-ph",
      reportNumber   = "CU-TP-864, CAL-648",
      SLACcitation   = " ",
}
@article{Sof11,
author = {Sofue, Yoshiaki},
title = {Grand Rotation Curve and Dark-Matter Halo in the Milky Way Galaxy},
journal = {Publications of the Astronomical Society of Japan},
volume = {64},
number = {4},
pages = {75},
year = {2012},
doi = {10.1093/pasj/64.4.75},
URL = {http://dx.doi.org/10.1093/pasj/64.4.75},
%eprint = {/oup/backfile/content_public/journal/pasj/64/4/10.1093_pasj_64.4.75/6/pasj64-0075.pdf}
}
@article{Braun, 
   author = {Braun, R. and Thilker, D.~A. and Walterbos, R.~A.~M. and 
	{Corbelli}, E.},
    title = "{A Wide-Field High-Resolution H I Mosaic of Messier 31. I. Opaque Atomic Gas and Star Formation Rate Density}",
  journal = {ApJ},
archivePrefix = "arXiv",
   eprint = {0901.4154},
 primaryClass = "astro-ph.CO",
 keywords = {galaxies: individual: M31, galaxies: ISM, Local Group, radio lines: galaxies, stars: formation},
     year = 2009,
    month = apr,
   volume = 695,
    pages = {937-953},
      doi = {10.1088/0004-637X/695/2/937},
   adsurl = {http://adsabs.harvard.edu/abs/2009ApJ...695..937B},
  adsnote = {Provided by the SAO/NASA Astrophysics Data System}
}
@article{Elmegreen:1997ma,
      author         = "Elmegreen, Bruce G. and Wilcots, Eric and Pisano, D.J.",
      title          = "{Hi observations of the spiral arm pattern speed in the
                        late-type barred galaxy ngc 925}",
      journal        = "Astrophys.J.",
      volume         = "494",
      pages          = "L37",
      doi            = "10.1086/311165",
      year           = "1998",
      eprint         = "astro-ph/9712298",
      archivePrefix  = "arXiv",
      primaryClass   = "astro-ph",
      reportNumber   = "IBM-LOG-94237",
      SLACcitation   = " ",
}
@ARTICLE{1994Barnaby,
   author = {{Barnaby}, D. and {Thronson}, Jr., H.~A.},
    title = "{Dark matter around galaxies: The edge-on spiral NGC 5907}",
  journal = {AJ},
 keywords = {Astronomical Models, Astronomical Photometry, Dark Matter, Galactic Rotation, Infrared Astronomy, Mass Distribution, Mass To Light Ratios, Spiral Galaxies, Stellar Luminosity, Astronomical Observatories, Calibrating, Cameras, Charge Coupled Devices, Data Reduction, Numerical Analysis, Optical Filters, Telescopes},
     year = 1994,
    month = may,
   volume = 107,
    pages = {1717-1729},
      doi = {10.1086/116980},
   adsurl = {http://adsabs.harvard.edu/abs/1994AJ....107.1717B},
  adsnote = {Provided by the SAO/NASA Astrophysics Data System}
}
@ARTICLE{Bot1,
  AUTHOR =       {Bottema,  R.  and Pestana, J.L.G. and Rothberg, B. and Sanders, R.H. },
  TITLE =        {MOND rotation curves for spiral galaxies with Cepheid based distances},
  JOURNAL =      {AA},
  YEAR =         {2002},
  VOLUME =    {393},
  PAGES =     {453 },
} 
@ARTICLE{Car1,
  AUTHOR =       {Carignan, C. and Chemin, L.},
  TITLE =        {Extended HI Rotation Curve and Mass Distribution of M31},
  JOURNAL =      {ApJ},
  YEAR =         {2006},
  VOLUME =    {641},
  PAGES =     {L109-L112},
}
@ARTICLE{Blok1,
  AUTHOR =       {de Blok, W.J.G. and Walter, F. and and Brinks, E. },
  TITLE =        {High-Resolution Rotation Curves and Galaxy Mass Models from THINGS},
  JOURNAL =      {AJ},
  YEAR =         {2008},
  VOLUME =    {136},
  PAGES =     {2648},
}
@ARTICLE{deBlok2,
  AUTHOR =       {de Blok, WJG.  and McGaugh, S.S.},
  TITLE =        {The dark and visible matter content of low surface brightness disk galaxies},
  JOURNAL =      {MNRAS},
  YEAR =         {1997},
  VOLUME =    {290},
  PAGES =     {533},
}
@ARTICLE{Collas,
  AUTHOR =       {Collas, P. },
  TITLE =        {Simple Tests for Proposed Interior Kerr Metrics},
  JOURNAL =      {Lettere Al Nuovo Cimento},
  YEAR =         {1978},
  VOLUME =    {21},
  PAGES =     {n.2},
}
@ARTICLE{Chatterjee,
  AUTHOR =       {Chatterjee, T. },
  TITLE =        {Potential and force due to thin disk and spherical galaxies},
  JOURNAL =      {ApSS},
  YEAR =         {1987},
  VOLUME =    {139},
  PAGES =     {243},
}
@ARTICLE{Conroy,
  AUTHOR =    {Conroy, C. and Gunn, J. and  White, M.},
  TITLE =        {The Propagation of Uncertainties in stellar population synthesis modeling I: The relevance of uncertain aspects of stellar evolution and the IMF to the derived physical properties of galaxies},
  JOURNAL =  {ApJ},
  YEAR =         {2009},
  VOLUME = {699},
  PAGES =     {486},
} 
@ARTICLE{Frat,
  AUTHOR =       {Fraternali, F. and Sancisi, R. and and Kamphuis, P.},
  TITLE =        {A tale of two galaxies, light and mass NGC 891 and NGC 7814},
  JOURNAL =      {AA},
  YEAR =         {2011},
  VOLUME =    { http://arxiv.org/abs/1105.3867}, 
}
@ARTICLE{Gent1,
  AUTHOR =   {G. Gentile and B. Farnaey and W.J.G. de Blok},
  TITLE =        {THINGS about MOND},
  JOURNAL =  {A\&A},
  YEAR =         {2011},
  VOLUME =    {527},
  PAGES =     {A76},
}
@ARTICLE{Bege91,
  AUTHOR =       {Begeman,  K.G. and   Broeils, A. H. and Sanders, R. H.},
  TITLE =        {Extended rotation curves of spiral galaxies - Dark haloes and modified dynamics},
  JOURNAL =  {MNRAS},
  YEAR =         {1991},
MONTH =	{April},
  VOLUME =    {249},
  PAGES =     {523},
}
@ARTICLE{Bell,
  AUTHOR =  {Bell, R. F. and   de Jong, R.S.},
  TITLE =        {HI rotation curves of spiral galaxies I. NGC 3198},
  JOURNAL =  {ApJ},
  YEAR =         {2001},
  VOLUME =    {550},
  PAGES =     {212},
}
@ARTICLE{Bergh,
  AUTHOR ={van den Bergh, S.},
  TITLE =        {HI rotation curves of spiral galaxies I. NGC 3198},
  JOURNAL =      {ApJ},
  YEAR =         {1997},
  VOLUME =    {113},
  PAGES =     {2054},
}
@ARTICLE{Bege1,
  AUTHOR =   {Begeman, K.G.},
  TITLE =        {HI rotation curves of spiral galaxies I. NGC 3198},
  JOURNAL =  {A\&A},
  YEAR =         {1989},
  VOLUME =    {223},
  PAGES =     {47}
} 
@ARTICLE{Kroupa,
   author = {Kroupa, P.},
    title = "{On the variation of the initial mass function}",
  journal = {MNRAS},
   eprint = {astro-ph/0009005},
 keywords = {BINARIES: GENERAL, STARS: FORMATION, STARS: KINEMATICS, STARS: LUMINOSITY FUNCTION, MASS FUNCTION, GLOBULAR CLUSTERS: GENERAL, OPEN CLUSTERS AND ASSOCIATIONS: GENERAL},
     year = 2001,
    month = apr,
   volume = 322,
    pages = {231-246},
      doi = {10.1046/j.1365-8711.2001.04022.x},
   adsurl = {http://adsabs.harvard.edu/abs/2001MNRAS.322..231K},
  adsnote = {Provided by the SAO/NASA Astrophysics Data System}
}
@ARTICLE{Salpeter,
   author = {Salpeter, E.~E.},
    title = "{The Luminosity Function and Stellar Evolution.}",
  journal = {ApJ},
     year = 1955,
    month = jan,
   volume = 121,
    pages = {161},
      doi = {10.1086/145971},
   adsurl = {http://adsabs.harvard.edu/abs/1955ApJ...121..161S},
  adsnote = {Provided by the SAO/NASA Astrophysics Data System}
}
@ARTICLE{Puche,
   author = {Carignan, C. and Puche, D.},
    title = "{H I studies of the Sculptor group galaxies. II - NGC 7793}",
  journal = {AJ},
 keywords = {Dark Matter, Galactic Mass, H I Regions, Interstellar Gas, Very Large Array (Vla), Halos, Mass Distribution, Milky Way Galaxy, Velocity Distribution},
     year = 1990,
    month = aug,
   volume = 100,
    pages = {394-402},
      doi = {10.1086/115523},
   adsurl = {http://adsabs.harvard.edu/abs/1990AJ....100..394C},
  adsnote = {Provided by the SAO/NASA Astrophysics Data System}
}
@ARTICLE{1985ApJ...299...59C,
   author = {Carignan, C.},
    title = "{Light and mass distribution of the Magellanic-type spiral NGC 3109}",
  journal = {ApJ},
 keywords = {Astronomical Photometry, Galactic Structure, Mass To Light Ratios, Spiral Galaxies, Dwarf Galaxies, Galactic Rotation, Hydrogen Clouds, Magnitude, Mass Distribution},
     year = 1985,
    month = dec,
   volume = 299,
    pages = {59-73},
      doi = {10.1086/163682},
   adsurl = {http://adsabs.harvard.edu/abs/1985ApJ...299...59C},
  adsnote = {Provided by the SAO/NASA Astrophysics Data System}
}
@article{deBlok:1997ut,
      author         = "de Blok, W.J.G. and McGaugh, S.S.",
      title          = "{The Dark and visible matter content of low surface
                        brightness disk galaxies}",
      journal        = "MNRAS.",
      volume         = "290",
      pages          = "533-552",
      doi            = "10.1093/mnras/290.3.533",
      year           = "1997",
      eprint         = "astro-ph/9704274",
      archivePrefix  = "arXiv",
      primaryClass   = "astro-ph",
      SLACcitation   = " ",
}
@article{Walter,
      author         = "Walter, F. and Brinks, E. and de Blok, W.J.G. and Bigiel,
                        F. and Kennicutt, R.C. and others",
      title          = "{THINGS: The HI Nearby Galaxy Survey}",
      journal        = "AJ",
      volume         = "136",
      pages          = "2563-2647",
      doi            = "10.1088/0004-6256/136/6/2563",
      year           = "1985",
      eprint         = "0810.2125",
      archivePrefix  = "arXiv",
      primaryClass   = "astro-ph",
      SLACcitation   = " ",
}
@PHDTHESIS{BegeTH,
   AUTHOR  = {Begeman, K.G.},
   TITLE   = { HI rotation curves of spiral galaxies},  
   SCHOOL  = {University of Groningen, Rijksuniversiteit Groningen},
   YEAR    = {1987}
}
@ARTICLE{Rub,
  AUTHOR =       {Rubin, V.C. and  Ford, W.K. and Thonnard, N.},
  TITLE =        {Rotational properties of 21 SC galaxies with a large range of luminosities and radii},
  JOURNAL =      {ApJ},
  YEAR =         {1980},
  VOLUME =    {238},
  PAGES =     {471}
}
@article{Bott3992,
      author      = "Bottema, Roelof and Verheijen, Marc A.W.",
      title          = "{Dark and luminous matter in the ngc 3992 group of
                        galaxies, I. the large barred spiral ngc 3992}",
     JOURNAL =      {AA},
      year           = "2002",
     VOLUME  = "388",
     pages  = "793-808",
     doi   = " 10.1051/0004-6361:20020539", 
}
@ARTICLE{HubbleCepheid,
   author = {{Freedman}, W.~L. and {Madore}, B.~F. and {Gibson}, B.~K. and 
	{Ferrarese}, L. and {Kelson}, D.~D. and {Sakai}, S. and {Mould}, J.~R. and 
	{Kennicutt}, Jr., R.~C. and {Ford}, H.~C. and {Graham}, J.~A. and 
	{Huchra}, J.~P. and {Hughes}, S.~M.~G. and {Illingworth}, G.~D. and 
	{Macri}, L.~M. and {Stetson}, P.~B.},
    title = "{Final Results from the Hubble Space Telescope Key Project to Measure the Hubble Constant}",
  journal = {ApJ},
   eprint = {astro-ph/0012376},
 keywords = {Stars: Variables: Cepheids, Cosmology: Observations, Cosmology: Distance Scale, Galaxies: Distances and Redshifts},
     year = 2001,
    month = may,
   volume = 553,
    pages = {47-72},
      doi = {10.1086/320638},
   adsurl = {http://adsabs.harvard.edu/abs/2001ApJ...553...47F},
  adsnote = {Provided by the SAO/NASA Astrophysics Data System}
}
@article{Widrow,
      author         = "Widrow, Lawrence M. and Perrett, Kathryn M. and Suyu,
                        Sherry H.",
      title          = "{Disk-bulge-halo models for the andromeda galaxy}",
      journal        = "AJ",
      volume         = "588",
      pages          = "311-325",
      doi            = "10.1086/368410",
      year           = "2003",
      eprint         = "astro-ph/0301144",
      archivePrefix  = "arXiv",
      primaryClass   = "astro-ph",
      SLACcitation   = " ",
}
@ARTICLE{1989Kent,
   author = {{Kent}, S.~M.},
    title = "{A comparison of optical and H I rotation curves in M 31}",
  journal = {PASP},
 keywords = {Andromeda Galaxy, Astronomical Spectroscopy, Galactic Rotation, H Ii Regions, H Lines, Hydrogen, Radio Observation, Reflecting Telescopes, Visual Observation},
     year = 1989,
    month = may,
   volume = 101,
    pages = {489-493},
      doi = {10.1086/132457},
   adsurl = {http://adsabs.harvard.edu/abs/1989PASP..101..489K},
  adsnote = {Provided by the SAO/NASA Astrophysics Data System}
}
@ARTICLE{Heald,
   author = {{Heald}, G. and {J{\'o}zsa}, G. and {Serra}, P. and {Zschaechner}, L. and 
	{Rand}, R. and {Fraternali}, F. and {Oosterloo}, T. and {Walterbos}, R. and 
	{J{\"u}tte}, E. and {Gentile}, G.},
    title = "{The Westerbork Hydrogen Accretion in LOcal GAlaxieS (HALOGAS) survey. I. Survey description and pilot observations}",
  journal = {A\&A},
archivePrefix = "arXiv",
   eprint = {1012.0816},
 primaryClass = "astro-ph.CO",
 keywords = {galaxies: spiral, galaxies: evolution, galaxies: ISM, galaxies: halos, galaxies: kinematics and dynamics},
     year = 2011,
    month = feb,
   volume = 526,
      eid = {A118},
    pages = {A118},
      doi = {10.1051/0004-6361/201015938},
   adsurl = {http://adsabs.harvard.edu/abs/2011A },
  adsnote = {Provided by the SAO/NASA Astrophysics Data System}
}
@ARTICLE{BelldYong,
   author = {Bell, E.~F. and de Jong, R.~S.},
    title = "{Stellar Mass-to-Light Ratios and the Tully-Fisher Relation}",
  journal = {ApJ},
   eprint = {astro-ph/0011493},
 keywords = {ISM: Dust, Extinction, Galaxies: Evolution, Galaxies: Kinematics and Dynamics, Galaxies: Spiral, Galaxies: Stellar Content},
     year = 2001,
    month = mar,
   volume = 550,
    pages = {212-229},
      doi = {10.1086/319728},
   adsurl = {http://adsabs.harvard.edu/abs/2001ApJ...550..212B},
  adsnote = {Provided by the SAO/NASA Astrophysics Data System}
}
@ARTICLE{1978Rubin,
   author = {Rubin, V.~C. and Thonnard, N. and Ford, Jr., W.~K.},
    title = "{Extended rotation curves of high-luminosity spiral galaxies. IV - Systematic dynamical properties, SA through SC}",
  journal = {ApJ},
 keywords = {Angular Velocity, Galactic Rotation, Galactic Structure, Luminous Intensity, Spiral Galaxies, Astrodynamics, Astronomical Models, Curves (Geometry), Galactic Radiation},
     year = 1978,
    month = nov,
   volume = 225,
    pages = {L107-L111},
      doi = {10.1086/182804},
   adsurl = {http://adsabs.harvard.edu/abs/1978ApJ...225L.107R},
  adsnote = {Provided by the SAO/NASA Astrophysics Data System}
}
@ARTICLE{1937ApJ....86..217Z,
   author = {{Zwicky}, F.},
    title = "{On the Masses of Nebulae and of Clusters of Nebulae}",
  journal = {APJ},
     year = 1937,
    month = oct,
   volume = 86,
    pages = {217},
      doi = {10.1086/143864},
   adsurl = {http://adsabs.harvard.edu/abs/1937ApJ....86..217Z},
  adsnote = {Provided by the SAO/NASA Astrophysics Data System}
}
@ARTICLE{ROOT,
   AUTHOR  = {Rene Brun and Fons Rademakers},
   TITLE   = {ROOT},  
   YEAR    = {1997},
   JOURNAL = {Nucl. Inst. and  Meth. in Phys. Res. A},
   VOLUME  = {389},
   PAGES   = {81-86}
}
@ARTICLE{James,
   author = {{Mannheim}, P.~D. and {O'Brien}, J.~G.},
    title = "{Galactic rotation curves in conformal gravity}",
  journal = {Journal of Physics Conference Series},
archivePrefix = "arXiv",
   eprint = {1211.0188},
 primaryClass = "astro-ph.CO",
     year = 2013,
    month = apr,
   volume = 437,
   number = 1,
      eid = {012002},
    pages = {012002},
      doi = {10.1088/1742-6596/437/1/012002},
   adsurl = {http://adsabs.harvard.edu/abs/2013JPhCS.437a2002M},
  adsnote = {Provided by the SAO/NASA Astrophysics Data System}
}
@article{Battaglia:2005ky,
      author         = "Battaglia, Giuseppina and Fraternali, Filippo and
                        Oosterloo, Tom and Sancisi, Renzo",
      title          = "{Hi study of the warped spiral galaxy ngc5055: a
                        disk/dark matter halo offset?}",
      journal        = "Astron.Astrophys.",
      volume         = "447",
      pages          = "49",
      doi            = "10.1051/0004-6361:20053210",
      year           = "2006",
      eprint         = "astro-ph/0509382",
      archivePrefix  = "arXiv",
      primaryClass   = "astro-ph",
      SLACcitation   = " ",
}
@ARTICLE{BP00,
   AUTHOR  = {Afanasiev,  V.L. and Sil`Chenko, O.K.},
   TITLE   = {Complex Formation History of the Lenticular Galaxies with Stellar Counterrotation: NGC 4138 and NGC 4550},  
   YEAR    = {2002},
   JOURNAL = {ApJ},
   VOLUME  = {124},
   PAGES   = {706}
}
@ARTICLE{Asaoka,
   AUTHOR  = {Asaoka,  I.},
   TITLE   = {New Solar Opacities, Abundances, Helioseismology, and Neutrino Fluxes},  
   YEAR    = {1989},
   JOURNAL = {PASJ},
   VOLUME  = {41},
   PAGES   = {763}
}  
@ARTICLE{Batt,
   AUTHOR  = {Battaglia, G. and  Fraternali, F. and  Oosterloo, T. and and Sancisi, R.},
   TITLE   = {HI study of the warped spiral galaxy NGC 5055: a disk/dark matter halo offset?},  
   YEAR    = {2006},
   JOURNAL = {A\& A},
   VOLUME  = {447},
   PAGES   = {49}
}
@ARTICLE{Maria,
   author = {Gentile, G. and J{\'o}zsa, G.~I.~G. and Serra, P. and 
	Heald, G.~H. and de Blok, W.~J.~G. and Fraternali, F. and 
	Patterson, M.~T. and Walterbos, R.~A.~M. and Oosterloo, T.
	},
    title = "{HALOGAS: Extraplanar gas in NGC 3198}",
  journal = {A\&A},
archivePrefix = "arXiv",
   eprint = {1304.4232},
 primaryClass = "astro-ph.CO",
 keywords = {galaxies: halos, galaxies: ISM, galaxies: kinematics and dynamics, galaxies: individual:, galaxies: structure},
     year = 2013,
    month = jun,
   volume = 554,
      eid = {A125},
    pages = {A125},
      doi = {10.1051/0004-6361/201321116},
   adsurl = {http://adsabs.harvard.edu/abs/2013A26A...554A.125G},
  adsnote = {Provided by the SAO/NASA Astrophysics Data System}
}
@ARTICLE{salucci,
   author = {{Persic}, M. and {Salucci}, P. and {Stel}, F.},
    title = "{The universal rotation curve of spiral galaxies - I. The dark matter connection}",
  journal = {MNRAS},
   eprint = {astro-ph/9506004},
 keywords = {GALAXIES: KINEMATICS AND DYNAMICS, GALAXIES: SPIRAL, GALAXIES: STRUCTURE, DARK MATTER},
     year = 1996,
    month = jul,
   volume = 281,
    pages = {27-47},
   adsurl = {http://adsabs.harvard.edu/abs/1996MNRAS.281...27P},
  adsnote = {Provided by the SAO/NASA Astrophysics Data System}
}
@article{10.1111/j.1365-2966.2007.11696.x,
    author = {Salucci, P. and Lapi, A. and Tonini, C. and Gentile, G. and Yegorova, I. and Klein, U.},
    title = "{The universal rotation curve of spiral galaxies – II. The dark matter distribution out to the virial radius}",
    journal = {Monthly Notices of the Royal Astronomical Society},
    volume = {378},
    number = {1},
    pages = {41-47},
    year = {2007},
    month = {05},
    abstract = "{In the current ΛCDM cosmological scenario, N-body simulations provide us with a universal mass profile, and consequently a universal equilibrium circular velocity of the virialized objects, as galaxies. In this paper we obtain, by combining kinematical data of their inner regions with global observational properties, the universal rotation curve of disc galaxies and the corresponding mass distribution out to their virial radius. This curve extends the results of Paper I, concerning the inner luminous regions of Sb–Im spirals, out to the edge of the galaxy haloes.}",
    issn = {0035-8711},
    doi = {10.1111/j.1365-2966.2007.11696.x},
    url = {https://doi.org/10.1111/j.1365-2966.2007.11696.x},
    eprint = {https://academic.oup.com/mnras/article-pdf/378/1/41/3959881/mnras0378-0041.pdf},
}
@article{fitting,
  title = {Fitting galactic rotation curves with conformal gravity and a global quadratic potential},
  author = {Mannheim, Philip D. and O'Brien, James G.},
  journal = {Phys. Rev. D},
  volume = {85},
  issue = {12},
  pages = {124020},
  numpages = {26},
  year = {2012},
  month = {Jun},
  publisher = {American Physical Society},
  doi = {10.1103/PhysRevD.85.124020},
  url = {http://link.aps.org/doi/10.1103/PhysRevD.85.124020}
}

@ARTICLE{mfull,
   author = {{Mannheim}, P.~D.},
    title = "{Alternatives to dark matter and dark energy}",
  journal = {Progress in Particle and Nuclear Physics},
   eprint = {astro-ph/0505266},
     year = 2006,
    month = apr,
   volume = 56,
    pages = {340-445},
      doi = {10.1016/j.ppnp.2005.08.001},
   adsurl = {http://adsabs.harvard.edu/abs/2006PrPNP..56..340M},
  adsnote = {Provided by the SAO/NASA Astrophysics Data System}
}
@article{de_Blok_2010,
	doi = {10.1155/2010/78929
	url = {https://doi.org/10.1155%2F2010%2F789293},
	year = 2010,
	publisher = {Hindawi Limited},
	volume = {2010},
	pages = {1--14},
	author = {W. J. G. de Blok},
	title = {The Core-Cusp Problem},
	journal = {Advances in Astronomy}
}
@article{PhysRevD.70.083509,
  title = {Relativistic gravitation theory for the modified Newtonian dynamics paradigm},
  author = {Bekenstein, Jacob D.},
  journal = {Phys. Rev. D},
  volume = {70},
  issue = {8},
  pages = {083509},
  numpages = {28},
  year = {2004},
  month = {Oct},
  publisher = {American Physical Society},
  doi = {10.1103/PhysRevD.70.083509},
  url = {https://link.aps.org/doi/10.1103/PhysRevD.70.083509}
}
